<?xml version="1.0" encoding="UTF-8"?>
<!DOCTYPE html PUBLIC "-//W3C//DTD XHTML 1.0 Transitional//EN"
    "http://www.w3.org/TR/xhtml1/DTD/xhtml1-transitional.dtd">
<html xmlns="http://www.w3.org/1999/xhtml" xml:lang="en" lang="en">
 <head>
  <title>
</title>
<meta http-equiv="Content-Type" content="text/html;charset=utf-8" />
  <meta name='ocr-system' content='tesseract 3.04.00' />
  <meta name='ocr-capabilities' content='ocr_page ocr_carea ocr_par ocr_line ocrx_word'/>
</head>
<body>
  <div class='ocr_page' id='page_1' title='image "./historiarumetse04livygoog_0282.png"; bbox 0 0 2620 4200; ppageno 0'>
   <div class='ocr_carea' id='block_1_1' title="bbox 512 365 1208 430">
    <p class='ocr_par' dir='ltr' id='par_1_1' title="bbox 512 365 1208 430">
     <span class='ocr_line' id='line_1_1' title="bbox 512 365 1208 430; baseline -0.007 -10"><span class='ocrx_word' id='word_1_1' title='bbox 512 365 612 421; x_wconf 77' lang='lat' dir='ltr'>Ltsult</span> <span class='ocrx_word' id='word_1_2' title='bbox 628 369 743 420; x_wconf 72' lang='lat' dir='ltr'>XXX-W.</span> <span class='ocrx_word' id='word_1_3' title='bbox 763 384 823 420; x_wconf 73' lang='lat' dir='ltr'>cua.</span> <span class='ocrx_word' id='word_1_4' title='bbox 834 385 865 418; x_wconf 88' lang='lat' dir='ltr'>rr.</span> <span class='ocrx_word' id='word_1_5' title='bbox 1082 369 1139 430; x_wconf 61' lang='lat' dir='ltr'><em>W</em></span> <span class='ocrx_word' id='word_1_6' title='bbox 1206 398 1208 408; x_wconf 85' lang='lat'>·</span> 
     </span>
    </p>
   </div>
   <div class='ocr_carea' id='block_1_2' title="bbox 122 509 1143 1283">
    <p class='ocr_par' dir='ltr' id='par_1_2' title="bbox 122 509 1143 1283">
     <span class='ocr_line' id='line_1_2' title="bbox 200 509 1140 588; baseline -0.002 -20"><span class='ocrx_word' id='word_1_7' title='bbox 200 509 431 579; x_wconf 69' lang='lat' dir='ltr'>&#39;uumt‘euutlnarl</span> <span class='ocrx_word' id='word_1_8' title='bbox 444 513 539 570; x_wconf 86' lang='lat' dir='ltr'>limine</span> <span class='ocrx_word' id='word_1_9' title='bbox 552 523 694 588; x_wconf 77' lang='lat' dir='ltr'>poterant-2</span> <span class='ocrx_word' id='word_1_10' title='bbox 720 529 817 570; x_wconf 88' lang='lat' dir='ltr'>omncs</span> <span class='ocrx_word' id='word_1_11' title='bbox 837 513 894 568; x_wconf 74' lang='lat' dir='ltr'>vias</span> <span class='ocrx_word' id='word_1_12' title='bbox 907 510 985 570; x_wconf 86' lang='lat' dir='ltr'>urbis</span> <span class='ocrx_word' id='word_1_13' title='bbox 995 509 1140 586; x_wconf 65' lang='lat' dir='ltr'>adibamns</span> 
     </span>
     <span class='ocr_line' id='line_1_3' title="bbox 210 585 1139 660; baseline 0 -14"><span class='ocrx_word' id='word_1_14' title='bbox 210 585 527 660; x_wconf 79' lang='lat' dir='ltr'>inscrumobsidebaut,</span> <span class='ocrx_word' id='word_1_15' title='bbox 541 592 613 648; x_wconf 72' lang='lat' dir='ltr'>ciros</span> <span class='ocrx_word' id='word_1_16' title='bbox 636 592 837 648; x_wconf 69' lang='lat' dir='ltr'>descendentes</span> <span class='ocrx_word' id='word_1_17' title='bbox 860 591 894 646; x_wconf 90' lang='lat' dir='ltr'>ad</span> <span class='ocrx_word' id='word_1_18' title='bbox 917 589 1139 656; x_wconf 64' lang='lat' dir='ltr'>lorum-&#39;orantes</span> 
     </span>
     <span class='ocr_line' id='line_1_4' title="bbox 212 666 1142 743; baseline -0.002 -20"><span class='ocrx_word' id='word_1_19' title='bbox 212 677 252 738; x_wconf 85' lang='lat' dir='ltr'>tal,</span> <span class='ocrx_word' id='word_1_20' title='bbox 266 667 379 724; x_wconf 81' lang='lat' dir='ltr'>florenta</span> <span class='ocrx_word' id='word_1_21' title='bbox 392 669 543 742; x_wconf 67' lang='lat' dir='ltr'>republica,</span> <span class='ocrx_word' id='word_1_22' title='bbox 558 680 700 725; x_wconf 86' lang='lat' dir='ltr'>crescente</span> <span class='ocrx_word' id='word_1_23' title='bbox 719 669 747 724; x_wconf 86' lang='lat' dir='ltr'>in</span> <span class='ocrx_word' id='word_1_24' title='bbox 761 669 823 724; x_wconf 85' lang='lat' dir='ltr'>dics</span> <span class='ocrx_word' id='word_1_25' title='bbox 833 667 1072 743; x_wconf 65' lang='lat' dir='ltr'>privatbcmnium</span> <span class='ocrx_word' id='word_1_26' title='bbox 1087 666 1142 722; x_wconf 85' lang='lat' dir='ltr'>scr·</span> 
     </span>
     <span class='ocr_line' id='line_1_5' title="bbox 211 745 1139 821; baseline -0.001 -19"><span class='ocrx_word' id='word_1_27' title='bbox 211 746 291 811; x_wconf 70' lang='lat' dir='ltr'>uruit,</span> <span class='ocrx_word' id='word_1_28' title='bbox 305 747 436 802; x_wconf 75' lang='lat' dir='ltr'>manoms</span> <span class='ocrx_word' id='word_1_29' title='bbox 448 763 555 820; x_wconf 85' lang='lat' dir='ltr'>quoque</span> <span class='ocrx_word' id='word_1_30' title='bbox 567 747 713 821; x_wconf 89' lang='lat' dir='ltr'>pristinum</span> <span class='ocrx_word' id='word_1_31' title='bbox 736 756 861 802; x_wconf 86' lang='lat' dir='ltr'>ornatum</span> <span class='ocrx_word' id='word_1_32' title='bbox 882 745 960 804; x_wconf 86' lang='lat' dir='ltr'>reddi</span> <span class='ocrx_word' id='word_1_33' title='bbox 973 753 1139 820; x_wconf 84' lang='lat' dir='ltr'>paterentur.</span> 
     </span>
     <span class='ocr_line' id='line_1_6' title="bbox 122 822 1142 898; baseline 0.001 -20"><span class='ocrx_word' id='word_1_34' title='bbox 122 850 125 858; x_wconf 64' lang='lat'><em>‹</em></span> <span class='ocrx_word' id='word_1_35' title='bbox 192 823 375 897; x_wconf 68' lang='lat' dir='ltr'>adugobatur</span> <span class='ocrx_word' id='word_1_36' title='bbox 389 825 449 880; x_wconf 81' lang='lat' dir='ltr'>lunc</span> <span class='ocrx_word' id='word_1_37' title='bbox 462 825 615 898; x_wconf 77' lang='lat' dir='ltr'>frequentia</span> <span class='ocrx_word' id='word_1_38' title='bbox 628 825 773 881; x_wconf 79' lang='lat' dir='ltr'>mullerem</span> <span class='ocrx_word' id='word_1_39' title='bbox 786 825 906 880; x_wconf 86' lang='lat' dir='ltr'>indies:</span> <span class='ocrx_word' id='word_1_40' title='bbox 932 840 996 879; x_wconf 86' lang='lat' dir='ltr'>uam</span> <span class='ocrx_word' id='word_1_41' title='bbox 1010 822 1092 884; x_wconf 84' lang='lat' dir='ltr'>etiarn</span> <span class='ocrx_word' id='word_1_42' title='bbox 1106 839 1142 879; x_wconf 82' lang='lat' dir='ltr'>ex</span> 
     </span>
     <span class='ocr_line' id='line_1_7' title="bbox 211 899 1143 976; baseline 0.001 -20"><span class='ocrx_word' id='word_1_43' title='bbox 211 901 330 974; x_wconf 76' lang='lat' dir='ltr'>oppidis-</span> <span class='ocrx_word' id='word_1_44' title='bbox 344 901 588 976; x_wconf 73' lang='lat' dir='ltr'>conciliabulisque</span> <span class='ocrx_word' id='word_1_45' title='bbox 608 903 817 959; x_wconf 72' lang='lat' dir='ltr'>conveniebant.</span> <span class='ocrx_word' id='word_1_46' title='bbox 869 902 931 957; x_wconf 89' lang='lat' dir='ltr'>Jam</span> <span class='ocrx_word' id='word_1_47' title='bbox 959 911 990 956; x_wconf 87' lang='lat' dir='ltr'>et</span> <span class='ocrx_word' id='word_1_48' title='bbox 1014 899 1143 957; x_wconf 83' lang='lat' dir='ltr'>consules</span> 
     </span>
     <span class='ocr_line' id='line_1_8' title="bbox 208 977 1141 1056; baseline -0.002 -22"><span class='ocrx_word' id='word_1_49' title='bbox 208 989 395 1052; x_wconf 64' lang='lat' dir='ltr'>uiatoresque</span> <span class='ocrx_word' id='word_1_50' title='bbox 408 991 436 1036; x_wconf 86' lang='lat' dir='ltr'>ct</span> <span class='ocrx_word' id='word_1_51' title='bbox 447 981 515 1037; x_wconf 89' lang='lat' dir='ltr'>alios</span> <span class='ocrx_word' id='word_1_52' title='bbox 528 981 702 1056; x_wconf 76' lang='lat' dir='ltr'>magistratus</span> <span class='ocrx_word' id='word_1_53' title='bbox 724 981 800 1038; x_wconf 85' lang='lat' dir='ltr'>adire</span> <span class='ocrx_word' id='word_1_54' title='bbox 819 990 847 1036; x_wconf 89' lang='lat' dir='ltr'>et</span> <span class='ocrx_word' id='word_1_55' title='bbox 866 996 963 1054; x_wconf 82' lang='lat' dir='ltr'>rogare</span> <span class='ocrx_word' id='word_1_56' title='bbox 982 977 1141 1036; x_wconf 73' lang='lat' dir='ltr'>audebant-2</span> 
     </span>
     <span class='ocr_line' id='line_1_9' title="bbox 208 1055 1143 1130; baseline 0.002 -20"><span class='ocrx_word' id='word_1_57' title='bbox 208 1055 345 1116; x_wconf 75' lang='lat' dir='ltr'>carterium</span> <span class='ocrx_word' id='word_1_58' title='bbox 378 1058 490 1115; x_wconf 74' lang='lat' dir='ltr'>minime</span> <span class='ocrx_word' id='word_1_59' title='bbox 523 1059 689 1114; x_wconf 78' lang='lat' dir='ltr'>exorabilem</span> <span class='ocrx_word' id='word_1_60' title='bbox 726 1059 841 1114; x_wconf 87' lang='lat' dir='ltr'>alterum</span> <span class='ocrx_word' id='word_1_61' title='bbox 874 1059 969 1130; x_wconf 81' lang='lat' dir='ltr'>utique</span> <span class='ocrx_word' id='word_1_62' title='bbox 1000 1055 1143 1112; x_wconf 84' lang='lat' dir='ltr'>consulem</span> 
     </span>
     <span class='ocr_line' id='line_1_10' title="bbox 214 1131 1143 1211; baseline 0.002 -22"><span class='ocrx_word' id='word_1_63' title='bbox 214 1131 254 1188; x_wconf 83' lang='lat' dir='ltr'>M.</span> <span class='ocrx_word' id='word_1_64' title='bbox 269 1131 398 1190; x_wconf 88' lang='lat' dir='ltr'>Porcium</span> <span class='ocrx_word' id='word_1_65' title='bbox 412 1135 547 1192; x_wconf 84' lang='lat' dir='ltr'>Catonem</span> <span class='ocrx_word' id='word_1_66' title='bbox 562 1137 709 1202; x_wconf 88' lang='lat' dir='ltr'>hebebant,</span> <span class='ocrx_word' id='word_1_67' title='bbox 730 1136 776 1210; x_wconf 92' lang='lat' dir='ltr'>qui</span> <span class='ocrx_word' id='word_1_68' title='bbox 796 1155 845 1211; x_wconf 89' lang='lat' dir='ltr'>pro</span> <span class='ocrx_word' id='word_1_69' title='bbox 864 1135 936 1210; x_wconf 84' lang='lat' dir='ltr'>lege,</span> <span class='ocrx_word' id='word_1_70' title='bbox 955 1151 1017 1209; x_wconf 79' lang='lat' dir='ltr'>quae</span> <span class='ocrx_word' id='word_1_71' title='bbox 1030 1134 1143 1208; x_wconf 83' lang='lat' dir='ltr'>abroga-</span> 
     </span>
     <span class='ocr_line' id='line_1_11' title="bbox 183 1210 515 1283; baseline 0.009 -16"><span class='ocrx_word' id='word_1_72' title='bbox 183 1210 306 1283; x_wconf 60' lang='lat' dir='ltr'>tucatur,</span> <span class='ocrx_word' id='word_1_73' title='bbox 317 1213 355 1268; x_wconf 88' lang='lat' dir='ltr'>ita</span> <span class='ocrx_word' id='word_1_74' title='bbox 368 1213 497 1270; x_wconf 84' lang='lat' dir='ltr'>disseruit</span> <span class='ocrx_word' id='word_1_75' title='bbox 509 1233 515 1270; x_wconf 95' lang='lat'><strong>:</strong></span> 
     </span>
    </p>
   </div>
   <div class='ocr_carea' id='block_1_3' title="bbox 141 1363 1181 3860">
    <p class='ocr_par' dir='ltr' id='par_1_3' title="bbox 211 1363 1146 1678">
     <span class='ocr_line' id='line_1_12' title="bbox 254 1363 1143 1445; baseline 0 -21"><span class='ocrx_word' id='word_1_76' title='bbox 254 1367 293 1424; x_wconf 91' lang='lat' dir='ltr'>II.</span> <span class='ocrx_word' id='word_1_77' title='bbox 314 1369 373 1426; x_wconf 81' lang='lat' dir='ltr'>“Si</span> <span class='ocrx_word' id='word_1_78' title='bbox 386 1370 479 1426; x_wconf 76' lang='lat' dir='ltr'>insat</span> <span class='ocrx_word' id='word_1_79' title='bbox 491 1371 605 1445; x_wconf 89' lang='lat' dir='ltr'>quisque</span> <span class='ocrx_word' id='word_1_80' title='bbox 623 1369 748 1427; x_wconf 81' lang='lat' dir='ltr'>nostrdm</span> <span class='ocrx_word' id='word_1_81' title='bbox 769 1363 987 1438; x_wconf 78' lang='lat' dir='ltr'>matio-familiae,</span> <span class='ocrx_word' id='word_1_82' title='bbox 1007 1366 1143 1434; x_wconf 76' lang='lat' dir='ltr'>Quirites,</span> 
     </span>
     <span class='ocr_line' id='line_1_13' title="bbox 211 1445 1145 1522; baseline 0 -20"><span class='ocrx_word' id='word_1_83' title='bbox 211 1445 285 1520; x_wconf 66' lang='lat' dir='ltr'>r‘jus</span> <span class='ocrx_word' id='word_1_84' title='bbox 308 1457 337 1504; x_wconf 90' lang='lat' dir='ltr'>et</span> <span class='ocrx_word' id='word_1_85' title='bbox 356 1448 524 1522; x_wconf 83' lang='lat' dir='ltr'>majestatem</span> <span class='ocrx_word' id='word_1_86' title='bbox 552 1450 601 1506; x_wconf 88' lang='lat' dir='ltr'>viri</span> <span class='ocrx_word' id='word_1_87' title='bbox 622 1449 741 1505; x_wconf 86' lang='lat' dir='ltr'>retinere</span> <span class='ocrx_word' id='word_1_88' title='bbox 770 1448 941 1513; x_wconf 83' lang='lat' dir='ltr'>instituisset,</span> <span class='ocrx_word' id='word_1_89' title='bbox 968 1446 1059 1502; x_wconf 84' lang='lat' dir='ltr'>minus</span> <span class='ocrx_word' id='word_1_90' title='bbox 1078 1463 1145 1505; x_wconf 84' lang='lat' dir='ltr'>cura</span> 
     </span>
     <span class='ocr_line' id='line_1_14' title="bbox 215 1523 1146 1602; baseline 0.001 -24"><span class='ocrx_word' id='word_1_91' title='bbox 215 1525 377 1581; x_wconf 83' lang='lat' dir='ltr'>“universis</span> <span class='ocrx_word' id='word_1_92' title='bbox 397 1527 517 1582; x_wconf 82' lang='lat' dir='ltr'>foeminis</span> <span class='ocrx_word' id='word_1_93' title='bbox 540 1527 643 1602; x_wconf 83' lang='lat' dir='ltr'>negotii</span> <span class='ocrx_word' id='word_1_94' title='bbox 666 1527 838 1583; x_wconf 85' lang='lat' dir='ltr'>haberemus.</span> <span class='ocrx_word' id='word_1_95' title='bbox 878 1525 964 1582; x_wconf 90' lang='lat' dir='ltr'>Nunc</span> <span class='ocrx_word' id='word_1_96' title='bbox 977 1524 1051 1582; x_wconf 91' lang='lat' dir='ltr'>domi</span> <span class='ocrx_word' id='word_1_97' title='bbox 1071 1523 1146 1580; x_wconf 84' lang='lat' dir='ltr'>victa</span> 
     </span>
     <span class='ocr_line' id='line_1_15' title="bbox 215 1601 1145 1678; baseline 0.001 -23"><span class='ocrx_word' id='word_1_98' title='bbox 215 1601 353 1658; x_wconf 83' lang='lat' dir='ltr'>“libertas</span> <span class='ocrx_word' id='word_1_99' title='bbox 366 1615 457 1660; x_wconf 89' lang='lat' dir='ltr'>nostra</span> <span class='ocrx_word' id='word_1_100' title='bbox 471 1605 631 1678; x_wconf 69' lang='lat' dir='ltr'>impotentia</span> <span class='ocrx_word' id='word_1_101' title='bbox 646 1605 781 1671; x_wconf 83' lang='lat' dir='ltr'>muliebri,</span> <span class='ocrx_word' id='word_1_102' title='bbox 806 1605 852 1661; x_wconf 86' lang='lat' dir='ltr'>hic</span> <span class='ocrx_word' id='word_1_103' title='bbox 864 1621 971 1677; x_wconf 88' lang='lat' dir='ltr'>quoque</span> <span class='ocrx_word' id='word_1_104' title='bbox 985 1603 1012 1658; x_wconf 94' lang='lat' dir='ltr'>in</span> <span class='ocrx_word' id='word_1_105' title='bbox 1027 1601 1085 1658; x_wconf 87' lang='lat' dir='ltr'>soro</span> <span class='ocrx_word' id='word_1_106' title='bbox 1096 1601 1145 1658; x_wconf 89' lang='lat' dir='ltr'>cb-</span> 
     </span>
    </p>

    <p class='ocr_par' dir='ltr' id='par_1_4' title="bbox 141 1679 1181 3860">
     <span class='ocr_line' id='line_1_16' title="bbox 183 1679 1146 1757; baseline -0.003 -18"><span class='ocrx_word' id='word_1_107' title='bbox 183 1680 233 1739; x_wconf 55' lang='lat'>1⁵5⁴</span> <span class='ocrx_word' id='word_1_108' title='bbox 241 1679 337 1736; x_wconf 88' lang='lat' dir='ltr'>teritur</span> <span class='ocrx_word' id='word_1_109' title='bbox 357 1691 385 1736; x_wconf 87' lang='lat' dir='ltr'>et</span> <span class='ocrx_word' id='word_1_110' title='bbox 404 1683 545 1739; x_wconf 85' lang='lat' dir='ltr'>calcatur:</span> <span class='ocrx_word' id='word_1_111' title='bbox 578 1693 615 1748; x_wconf 88' lang='lat' dir='ltr'>et,</span> <span class='ocrx_word' id='word_1_112' title='bbox 628 1681 692 1756; x_wconf 88' lang='lat' dir='ltr'>quia</span> <span class='ocrx_word' id='word_1_113' title='bbox 705 1683 828 1757; x_wconf 84' lang='lat' dir='ltr'>singulas</span> <span class='ocrx_word' id='word_1_114' title='bbox 842 1682 976 1738; x_wconf 86' lang='lat' dir='ltr'>sustinere</span> <span class='ocrx_word' id='word_1_115' title='bbox 989 1679 1146 1753; x_wconf 83' lang='lat' dir='ltr'>nonpotui-</span> 
     </span>
     <span class='ocr_line' id='line_1_17' title="bbox 214 1757 1145 1834; baseline 0.002 -22"><span class='ocrx_word' id='word_1_116' title='bbox 214 1758 312 1829; x_wconf 61' lang='lat' dir='ltr'>“mus</span> <span class='ocrx_word' id='word_1_117' title='bbox 332 1759 473 1815; x_wconf 66' lang='lat' dir='ltr'>uuirmsas</span> <span class='ocrx_word' id='word_1_118' title='bbox 499 1757 649 1816; x_wconf 86' lang='lat' dir='ltr'>horremus.</span> <span class='ocrx_word' id='word_1_119' title='bbox 701 1761 839 1834; x_wconf 84' lang='lat' dir='ltr'>Equidem</span> <span class='ocrx_word' id='word_1_120' title='bbox 865 1759 986 1815; x_wconf 78' lang='lat' dir='ltr'>fabulam</span> <span class='ocrx_word' id='word_1_121' title='bbox 1004 1768 1033 1814; x_wconf 90' lang='lat' dir='ltr'>et</span> <span class='ocrx_word' id='word_1_122' title='bbox 1051 1757 1145 1814; x_wconf 82' lang='lat' dir='ltr'>fictam</span> 
     </span>
     <span class='ocr_line' id='line_1_18' title="bbox 210 1835 1146 1912; baseline 0.003 -23"><span class='ocrx_word' id='word_1_123' title='bbox 210 1837 298 1890; x_wconf 72' lang='lat' dir='ltr'>“rem</span> <span class='ocrx_word' id='word_1_124' title='bbox 311 1837 534 1902; x_wconf 83' lang='lat' dir='ltr'>ducebam-essa,</span> <span class='ocrx_word' id='word_1_125' title='bbox 549 1838 667 1894; x_wconf 84' lang='lat' dir='ltr'>virorum</span> <span class='ocrx_word' id='word_1_126' title='bbox 690 1857 772 1894; x_wconf 89' lang='lat' dir='ltr'>omne</span> <span class='ocrx_word' id='word_1_127' title='bbox 793 1857 881 1912; x_wconf 82' lang='lat' dir='ltr'>genus</span> <span class='ocrx_word' id='word_1_128' title='bbox 901 1837 930 1892; x_wconf 89' lang='lat' dir='ltr'>in</span> <span class='ocrx_word' id='word_1_129' title='bbox 944 1836 1035 1910; x_wconf 69' lang='lat' dir='ltr'>aliqud</span> <span class='ocrx_word' id='word_1_130' title='bbox 1055 1835 1146 1892; x_wconf 62' lang='lat' dir='ltr'>insula</span> 
     </span>
     <span class='ocr_line' id='line_1_19' title="bbox 216 1912 1147 1989; baseline 0.004 -23"><span class='ocrx_word' id='word_1_131' title='bbox 216 1912 431 1985; x_wconf 72' lang='lat' dir='ltr'>“conjuratione</span> <span class='ocrx_word' id='word_1_132' title='bbox 452 1916 579 1970; x_wconf 85' lang='lat' dir='ltr'>muliebri</span> <span class='ocrx_word' id='word_1_133' title='bbox 599 1917 635 1972; x_wconf 90' lang='lat' dir='ltr'>ab</span> <span class='ocrx_word' id='word_1_134' title='bbox 654 1917 737 1989; x_wconf 86' lang='lat' dir='ltr'>stirpe</span> <span class='ocrx_word' id='word_1_135' title='bbox 751 1916 887 1972; x_wconf 87' lang='lat' dir='ltr'>sublatum</span> <span class='ocrx_word' id='word_1_136' title='bbox 901 1933 970 1970; x_wconf 89' lang='lat' dir='ltr'>asse.</span> <span class='ocrx_word' id='word_1_137' title='bbox 1010 1913 1147 1970; x_wconf 83' lang='lat' dir='ltr'>Abnullu</span> 
     </span>
     <span class='ocr_line' id='line_1_20' title="bbox 141 1990 1145 2066; baseline 0.003 -23"><span class='ocrx_word' id='word_1_138' title='bbox 141 1994 145 2004; x_wconf 94' lang='lat'>&#39;</span> <span class='ocrx_word' id='word_1_139' title='bbox 216 1991 234 2023; x_wconf 76' lang='lat'>‘⁸</span> <span class='ocrx_word' id='word_1_140' title='bbox 242 2005 344 2062; x_wconf 81' lang='lat' dir='ltr'>genere</span> <span class='ocrx_word' id='word_1_141' title='bbox 358 1993 563 2048; x_wconf 74' lang='lat' dir='ltr'>nonsummum</span> <span class='ocrx_word' id='word_1_142' title='bbox 585 1993 738 2066; x_wconf 90' lang='lat' dir='ltr'>periculum</span> <span class='ocrx_word' id='word_1_143' title='bbox 751 2003 802 2064; x_wconf 86' lang='lat' dir='ltr'>est,</span> <span class='ocrx_word' id='word_1_144' title='bbox 823 1995 846 2048; x_wconf 86' lang='lat' dir='ltr'>si</span> <span class='ocrx_word' id='word_1_145' title='bbox 859 2004 955 2061; x_wconf 76' lang='lat' dir='ltr'>castus,</span> <span class='ocrx_word' id='word_1_146' title='bbox 969 2001 997 2047; x_wconf 87' lang='lat' dir='ltr'>et</span> <span class='ocrx_word' id='word_1_147' title='bbox 1017 1990 1145 2061; x_wconf 80' lang='lat' dir='ltr'>coucilia,</span> 
     </span>
     <span class='ocr_line' id='line_1_21' title="bbox 182 2068 1145 2143; baseline 0 -19"><span class='ocrx_word' id='word_1_148' title='bbox 182 2083 207 2124; x_wconf 81' lang='lat' dir='ltr'>ao</span> <span class='ocrx_word' id='word_1_149' title='bbox 216 2068 271 2122; x_wconf 86' lang='lat' dir='ltr'>“et</span> <span class='ocrx_word' id='word_1_150' title='bbox 284 2079 403 2122; x_wconf 85' lang='lat' dir='ltr'>secretas</span> <span class='ocrx_word' id='word_1_151' title='bbox 424 2069 638 2140; x_wconf 80' lang='lat' dir='ltr'>consultationes</span> <span class='ocrx_word' id='word_1_152' title='bbox 651 2087 715 2125; x_wconf 85' lang='lat' dir='ltr'>esse</span> <span class='ocrx_word' id='word_1_153' title='bbox 732 2071 815 2126; x_wconf 86' lang='lat' dir='ltr'>sinas.</span> <span class='ocrx_word' id='word_1_154' title='bbox 855 2070 947 2143; x_wconf 88' lang='lat' dir='ltr'>Atque</span> <span class='ocrx_word' id='word_1_155' title='bbox 961 2087 1015 2143; x_wconf 80' lang='lat' dir='ltr'>ego</span> <span class='ocrx_word' id='word_1_156' title='bbox 1027 2068 1072 2124; x_wconf 83' lang='lat' dir='ltr'>vix</span> <span class='ocrx_word' id='word_1_157' title='bbox 1091 2077 1145 2124; x_wconf 87' lang='lat' dir='ltr'>sta·</span> 
     </span>
     <span class='ocr_line' id='line_1_22' title="bbox 216 2146 1146 2222; baseline 0.002 -22"><span class='ocrx_word' id='word_1_158' title='bbox 216 2146 319 2200; x_wconf 79' lang='lat' dir='ltr'>“tuere</span> <span class='ocrx_word' id='word_1_159' title='bbox 333 2146 405 2218; x_wconf 87' lang='lat' dir='ltr'>apud</span> <span class='ocrx_word' id='word_1_160' title='bbox 419 2147 541 2202; x_wconf 87' lang='lat' dir='ltr'>animum</span> <span class='ocrx_word' id='word_1_161' title='bbox 555 2165 648 2204; x_wconf 86' lang='lat' dir='ltr'>meum</span> <span class='ocrx_word' id='word_1_162' title='bbox 668 2166 787 2221; x_wconf 89' lang='lat' dir='ltr'>possum,</span> <span class='ocrx_word' id='word_1_163' title='bbox 809 2149 903 2204; x_wconf 75' lang='lat' dir='ltr'>utrum</span> <span class='ocrx_word' id='word_1_164' title='bbox 923 2148 998 2222; x_wconf 73' lang='lat' dir='ltr'>pejor</span> <span class='ocrx_word' id='word_1_165' title='bbox 1021 2147 1146 2221; x_wconf 78' lang='lat' dir='ltr'>inseres,</span> 
     </span>
     <span class='ocr_line' id='line_1_23' title="bbox 216 2218 1147 2302; baseline 0.002 -25"><span class='ocrx_word' id='word_1_166' title='bbox 216 2225 278 2278; x_wconf 85' lang='lat' dir='ltr'>“nn</span> <span class='ocrx_word' id='word_1_167' title='bbox 292 2221 385 2296; x_wconf 83' lang='lat' dir='ltr'>pejore</span> <span class='ocrx_word' id='word_1_168' title='bbox 398 2225 522 2298; x_wconf 83' lang='lat' dir='ltr'>exemplo</span> <span class='ocrx_word' id='word_1_169' title='bbox 535 2237 650 2298; x_wconf 83' lang='lat' dir='ltr'>agatur:</span> <span class='ocrx_word' id='word_1_170' title='bbox 683 2245 797 2302; x_wconf 88' lang='lat' dir='ltr'>quorum</span> <span class='ocrx_word' id='word_1_171' title='bbox 820 2226 935 2282; x_wconf 88' lang='lat' dir='ltr'>alterum</span> <span class='ocrx_word' id='word_1_172' title='bbox 957 2218 991 2280; x_wconf 69' lang='lat' dir='ltr'>a&#39;d</span> <span class='ocrx_word' id='word_1_173' title='bbox 1010 2243 1060 2282; x_wconf 88' lang='lat' dir='ltr'>nos</span> <span class='ocrx_word' id='word_1_174' title='bbox 1080 2241 1147 2280; x_wconf 86' lang='lat' dir='ltr'>uon·</span> 
     </span>
     <span class='ocr_line' id='line_1_24' title="bbox 217 2300 1164 2378; baseline 0.001 -23"><span class='ocrx_word' id='word_1_175' title='bbox 217 2300 316 2378; x_wconf 72' lang='lat' dir='ltr'>“sulas</span> <span class='ocrx_word' id='word_1_176' title='bbox 341 2301 512 2375; x_wconf 89' lang='lat' dir='ltr'>reliquosque</span> <span class='ocrx_word' id='word_1_177' title='bbox 539 2305 722 2378; x_wconf 78' lang='lat' dir='ltr'>magistratus,</span> <span class='ocrx_word' id='word_1_178' title='bbox 743 2305 859 2361; x_wconf 86' lang='lat' dir='ltr'>alterum</span> <span class='ocrx_word' id='word_1_179' title='bbox 885 2304 989 2367; x_wconf 86' lang='lat' dir='ltr'>advos,</span> <span class='ocrx_word' id='word_1_180' title='bbox 1009 2301 1164 2369; x_wconf 62' lang='lat' dir='ltr'>Quiritem·</span> 
     </span>
     <span class='ocr_line' id='line_1_25' title="bbox 216 2378 1145 2455; baseline 0.001 -22"><span class='ocrx_word' id='word_1_181' title='bbox 216 2378 334 2452; x_wconf 84' lang='lat' dir='ltr'>“magis</span> <span class='ocrx_word' id='word_1_182' title='bbox 344 2381 501 2453; x_wconf 75' lang='lat' dir='ltr'>pertineret·</span> <span class='ocrx_word' id='word_1_183' title='bbox 542 2381 616 2436; x_wconf 83' lang='lat' dir='ltr'>Nam</span> <span class='ocrx_word' id='word_1_184' title='bbox 630 2380 720 2442; x_wconf 80' lang='lat' dir='ltr'>utrdm</span> <span class='ocrx_word' id='word_1_185' title='bbox 734 2401 750 2436; x_wconf 94' lang='lat' dir='ltr'>e</span> <span class='ocrx_word' id='word_1_186' title='bbox 764 2401 793 2437; x_wconf 92' lang='lat' dir='ltr'>re</span> <span class='ocrx_word' id='word_1_187' title='bbox 806 2381 916 2455; x_wconf 74' lang='lat' dir='ltr'>publica</span> <span class='ocrx_word' id='word_1_188' title='bbox 929 2380 974 2445; x_wconf 87' lang='lat' dir='ltr'>sit,</span> <span class='ocrx_word' id='word_1_189' title='bbox 991 2378 1145 2450; x_wconf 40' lang='lat' dir='ltr'>neuueqidt</span> 
     </span>
     <span class='ocr_line' id='line_1_26' title="bbox 183 2455 1148 2532; baseline 0.001 -20"><span class='ocrx_word' id='word_1_190' title='bbox 183 2455 314 2528; x_wconf 52' lang='lat' dir='ltr'>ssssqnou</span> <span class='ocrx_word' id='word_1_191' title='bbox 329 2457 363 2512; x_wconf 86' lang='lat' dir='ltr'>ad</span> <span class='ocrx_word' id='word_1_192' title='bbox 378 2476 425 2514; x_wconf 88' lang='lat' dir='ltr'>vos</span> <span class='ocrx_word' id='word_1_193' title='bbox 446 2459 539 2525; x_wconf 77' lang='lat' dir='ltr'>lemur,</span> <span class='ocrx_word' id='word_1_194' title='bbox 562 2471 651 2516; x_wconf 86' lang='lat' dir='ltr'>vestra</span> <span class='ocrx_word' id='word_1_195' title='bbox 663 2460 829 2530; x_wconf 78' lang='lat' dir='ltr'>existimatio</span> <span class='ocrx_word' id='word_1_196' title='bbox 849 2470 900 2530; x_wconf 88' lang='lat' dir='ltr'>est,</span> <span class='ocrx_word' id='word_1_197' title='bbox 913 2456 960 2532; x_wconf 92' lang='lat' dir='ltr'>qui</span> <span class='ocrx_word' id='word_1_198' title='bbox 981 2457 1010 2514; x_wconf 88' lang='lat' dir='ltr'>iu</span> <span class='ocrx_word' id='word_1_199' title='bbox 1023 2456 1148 2532; x_wconf 58' lang='lat' dir='ltr'>suffragi*</span> 
     </span>
     <span class='ocr_line' id='line_1_27' title="bbox 216 2535 1148 2606; baseline 0.004 -18"><span class='ocrx_word' id='word_1_200' title='bbox 216 2535 291 2589; x_wconf 85' lang='lat' dir='ltr'>“um</span> <span class='ocrx_word' id='word_1_201' title='bbox 318 2535 381 2591; x_wconf 87' lang='lat' dir='ltr'>ituri</span> <span class='ocrx_word' id='word_1_202' title='bbox 401 2537 475 2592; x_wconf 78' lang='lat' dir='ltr'>estis</span> <span class='ocrx_word' id='word_1_203' title='bbox 528 2537 599 2596; x_wconf 87' lang='lat' dir='ltr'>Haec</span> <span class='ocrx_word' id='word_1_204' title='bbox 629 2537 814 2594; x_wconf 86' lang='lat' dir='ltr'>consternatio</span> <span class='ocrx_word' id='word_1_205' title='bbox 841 2536 992 2606; x_wconf 84' lang='lat' dir='ltr'>muliebris,</span> <span class='ocrx_word' id='word_1_206' title='bbox 1019 2536 1075 2592; x_wconf 86' lang='lat' dir='ltr'>sive</span> <span class='ocrx_word' id='word_1_207' title='bbox 1096 2537 1148 2592; x_wconf 79' lang='lat' dir='ltr'>sud</span> 
     </span>
     <span class='ocr_line' id='line_1_28' title="bbox 217 2613 1148 2684; baseline 0.004 -18"><span class='ocrx_word' id='word_1_208' title='bbox 217 2614 349 2684; x_wconf 84' lang='lat' dir='ltr'>“sponte,</span> <span class='ocrx_word' id='word_1_209' title='bbox 370 2615 426 2670; x_wconf 84' lang='lat' dir='ltr'>siva</span> <span class='ocrx_word' id='word_1_210' title='bbox 450 2615 608 2680; x_wconf 72' lang='lat' dir='ltr'>auctoribus</span> <span class='ocrx_word' id='word_1_211' title='bbox 627 2615 714 2682; x_wconf 88' lang='lat' dir='ltr'>vobis,</span> <span class='ocrx_word' id='word_1_212' title='bbox 736 2617 775 2672; x_wconf 88' lang='lat' dir='ltr'>M.</span> <span class='ocrx_word' id='word_1_213' title='bbox 790 2615 919 2671; x_wconf 86' lang='lat' dir='ltr'>Fundani</span> <span class='ocrx_word' id='word_1_214' title='bbox 939 2624 967 2670; x_wconf 85' lang='lat' dir='ltr'>et</span> <span class='ocrx_word' id='word_1_215' title='bbox 987 2613 1019 2670; x_wconf 86' lang='lat' dir='ltr'>L·.</span> <span class='ocrx_word' id='word_1_216' title='bbox 1040 2614 1148 2681; x_wconf 54' lang='lat' dir='ltr'>velerit</span> 
     </span>
     <span class='ocr_line' id='line_1_29' title="bbox 217 2689 1148 2769; baseline 0.004 -25"><span class='ocrx_word' id='word_1_217' title='bbox 217 2689 376 2760; x_wconf 68' lang='lat' dir='ltr'>“lactasst,</span> <span class='ocrx_word' id='word_1_218' title='bbox 391 2693 464 2748; x_wconf 87' lang='lat' dir='ltr'>haud</span> <span class='ocrx_word' id='word_1_219' title='bbox 479 2693 561 2749; x_wconf 77' lang='lat' dir='ltr'>dubie</span> <span class='ocrx_word' id='word_1_220' title='bbox 582 2693 615 2748; x_wconf 89' lang='lat' dir='ltr'>ad</span> <span class='ocrx_word' id='word_1_221' title='bbox 638 2693 746 2768; x_wconf 85' lang='lat' dir='ltr'>culpam</span> <span class='ocrx_word' id='word_1_222' title='bbox 766 2694 974 2769; x_wconf 82' lang='lat' dir='ltr'>magistratuum</span> <span class='ocrx_word' id='word_1_223' title='bbox 994 2692 1148 2767; x_wconf 84' lang='lat' dir='ltr'>pertinens,</span> 
     </span>
     <span class='ocr_line' id='line_1_30' title="bbox 218 2767 1146 2846; baseline 0.004 -26"><span class='ocrx_word' id='word_1_224' title='bbox 218 2767 350 2832; x_wconf 52' lang='lat' dir='ltr'>“nesciar,</span> <span class='ocrx_word' id='word_1_225' title='bbox 364 2770 447 2836; x_wconf 83' lang='lat' dir='ltr'>vobis,</span> <span class='ocrx_word' id='word_1_226' title='bbox 461 2771 573 2835; x_wconf 89' lang='lat' dir='ltr'>tribuni,</span> <span class='ocrx_word' id='word_1_227' title='bbox 594 2789 629 2826; x_wconf 89' lang='lat' dir='ltr'>an</span> <span class='ocrx_word' id='word_1_228' title='bbox 649 2771 819 2838; x_wconf 88' lang='lat' dir='ltr'>consulibus,</span> <span class='ocrx_word' id='word_1_229' title='bbox 840 2771 929 2846; x_wconf 86' lang='lat' dir='ltr'>magis</span> <span class='ocrx_word' id='word_1_230' title='bbox 942 2771 977 2826; x_wconf 88' lang='lat' dir='ltr'>sit</span> <span class='ocrx_word' id='word_1_231' title='bbox 996 2770 1146 2826; x_wconf 80' lang='lat' dir='ltr'>deformis:</span> 
     </span>
     <span class='ocr_line' id='line_1_31' title="bbox 186 2843 1149 2921; baseline 0.004 -23"><span class='ocrx_word' id='word_1_232' title='bbox 186 2859 209 2898; x_wconf 82' lang='lat' dir='ltr'>au</span> <span class='ocrx_word' id='word_1_233' title='bbox 219 2843 330 2912; x_wconf 75' lang='lat' dir='ltr'>“vobis,</span> <span class='ocrx_word' id='word_1_234' title='bbox 345 2845 366 2900; x_wconf 90' lang='lat' dir='ltr'>si</span> <span class='ocrx_word' id='word_1_235' title='bbox 381 2845 506 2901; x_wconf 85' lang='lat' dir='ltr'>foeminas</span> <span class='ocrx_word' id='word_1_236' title='bbox 519 2849 553 2901; x_wconf 88' lang='lat' dir='ltr'>ad</span> <span class='ocrx_word' id='word_1_237' title='bbox 567 2849 747 2904; x_wconf 76' lang='lat' dir='ltr'>concitandas</span> <span class='ocrx_word' id='word_1_238' title='bbox 757 2849 920 2906; x_wconf 86' lang='lat' dir='ltr'>tribunicias</span> <span class='ocrx_word' id='word_1_239' title='bbox 930 2847 1079 2906; x_wconf 87' lang='lat' dir='ltr'>seditiones</span> <span class='ocrx_word' id='word_1_240' title='bbox 1090 2847 1149 2921; x_wconf 82' lang='lat' dir='ltr'>jam</span> 
     </span>
     <span class='ocr_line' id='line_1_32' title="bbox 219 2922 1149 3006; baseline 0.005 -30"><span class='ocrx_word' id='word_1_241' title='bbox 219 2922 417 2990; x_wconf 19' lang='lat' dir='ltr'>“taddurtistist</span> <span class='ocrx_word' id='word_1_242' title='bbox 438 2923 527 2993; x_wconf 84' lang='lat' dir='ltr'>nobis,</span> <span class='ocrx_word' id='word_1_243' title='bbox 547 2925 579 2990; x_wconf 91' lang='lat' dir='ltr'>si,</span> <span class='ocrx_word' id='word_1_244' title='bbox 589 2937 631 3006; x_wconf 68' lang='lat' dir='ltr'>lut</span> <span class='ocrx_word' id='word_1_245' title='bbox 643 2927 730 3000; x_wconf 88' lang='lat' dir='ltr'>plebis</span> <span class='ocrx_word' id='word_1_246' title='bbox 742 2928 891 3000; x_wconf 87' lang='lat' dir='ltr'>quondam,</span> <span class='ocrx_word' id='word_1_247' title='bbox 909 2926 950 2981; x_wconf 82' lang='lat' dir='ltr'>sio</span> <span class='ocrx_word' id='word_1_248' title='bbox 963 2943 1038 2982; x_wconf 87' lang='lat' dir='ltr'>nunu</span> <span class='ocrx_word' id='word_1_249' title='bbox 1052 2924 1149 2990; x_wconf 77' lang='lat' dir='ltr'>mulie·</span> 
     </span>
     <span class='ocr_line' id='line_1_33' title="bbox 216 3001 1181 3078; baseline 0.009 -24"><span class='ocrx_word' id='word_1_250' title='bbox 216 3001 307 3056; x_wconf 82' lang='lat' dir='ltr'>“rum</span> <span class='ocrx_word' id='word_1_251' title='bbox 327 3001 482 3057; x_wconf 86' lang='lat' dir='ltr'>secessione</span> <span class='ocrx_word' id='word_1_252' title='bbox 511 3003 587 3076; x_wconf 84' lang='lat' dir='ltr'>leges</span> <span class='ocrx_word' id='word_1_253' title='bbox 617 3004 786 3078; x_wconf 82' lang='lat' dir='ltr'>accipiendae</span> <span class='ocrx_word' id='word_1_254' title='bbox 806 3016 877 3060; x_wconf 91' lang='lat' dir='ltr'>sunt.</span> <span class='ocrx_word' id='word_1_255' title='bbox 931 3001 1069 3078; x_wconf 83' lang='lat' dir='ltr'>Equidem</span> <span class='ocrx_word' id='word_1_256' title='bbox 1092 3019 1149 3060; x_wconf 87' lang='lat' dir='ltr'>nou</span> <span class='ocrx_word' id='word_1_257' title='bbox 1179 3055 1181 3063; x_wconf 88' lang='grc'><em>,</em></span> 
     </span>
     <span class='ocr_line' id='line_1_34' title="bbox 219 3077 1150 3157; baseline 0.004 -25"><span class='ocrx_word' id='word_1_258' title='bbox 219 3077 307 3134; x_wconf 82' lang='lat' dir='ltr'>“uiue</span> <span class='ocrx_word' id='word_1_259' title='bbox 319 3079 418 3136; x_wconf 87' lang='lat' dir='ltr'>rubore</span> <span class='ocrx_word' id='word_1_260' title='bbox 431 3081 548 3152; x_wconf 88' lang='lat' dir='ltr'>quodam</span> <span class='ocrx_word' id='word_1_261' title='bbox 567 3080 648 3155; x_wconf 79' lang='lat' dir='ltr'>panib</span> <span class='ocrx_word' id='word_1_262' title='bbox 665 3082 728 3140; x_wconf 70' lang='lat' dir='ltr'>ants</span> <span class='ocrx_word' id='word_1_263' title='bbox 742 3101 789 3157; x_wconf 92' lang='lat' dir='ltr'>per</span> <span class='ocrx_word' id='word_1_264' title='bbox 802 3082 924 3138; x_wconf 89' lang='lat' dir='ltr'>medium</span> <span class='ocrx_word' id='word_1_265' title='bbox 939 3099 1040 3156; x_wconf 83' lang='lat' dir='ltr'>agmen</span> <span class='ocrx_word' id='word_1_266' title='bbox 1052 3080 1150 3138; x_wconf 84' lang='lat' dir='ltr'>mulie·</span> 
     </span>
     <span class='ocr_line' id='line_1_35' title="bbox 220 3156 1150 3234; baseline 0.005 -25"><span class='ocrx_word' id='word_1_267' title='bbox 220 3157 315 3210; x_wconf 84' lang='lat' dir='ltr'>“rum</span> <span class='ocrx_word' id='word_1_268' title='bbox 326 3156 354 3212; x_wconf 92' lang='lat' dir='ltr'>in</span> <span class='ocrx_word' id='word_1_269' title='bbox 375 3157 461 3214; x_wconf 91' lang='lat' dir='ltr'>forum</span> <span class='ocrx_word' id='word_1_270' title='bbox 476 3159 596 3232; x_wconf 83' lang='lat' dir='ltr'>perveni.</span> <span class='ocrx_word' id='word_1_271' title='bbox 635 3158 720 3220; x_wconf 74' lang='lat' dir='ltr'>Quod</span> <span class='ocrx_word' id='word_1_272' title='bbox 735 3161 845 3218; x_wconf 86' lang='lat' dir='ltr'>nisime</span> <span class='ocrx_word' id='word_1_273' title='bbox 869 3160 1042 3216; x_wconf 84' lang='lat' dir='ltr'>verecundia.</span> <span class='ocrx_word' id='word_1_274' title='bbox 1056 3159 1150 3234; x_wconf 76' lang='lat' dir='ltr'>singu·</span> 
     </span>
     <span class='ocr_line' id='line_1_36' title="bbox 186 3231 1148 3312; baseline 0.008 -26"><span class='ocrx_word' id='word_1_275' title='bbox 186 3231 334 3290; x_wconf 68' lang='lat' dir='ltr'>ar-t‘tnum</span> <span class='ocrx_word' id='word_1_276' title='bbox 353 3236 441 3310; x_wconf 81' lang='lat' dir='ltr'>magis</span> <span class='ocrx_word' id='word_1_277' title='bbox 471 3237 620 3311; x_wconf 85' lang='lat' dir='ltr'>majestatis</span> <span class='ocrx_word' id='word_1_278' title='bbox 649 3248 677 3294; x_wconf 87' lang='lat' dir='ltr'>et</span> <span class='ocrx_word' id='word_1_279' title='bbox 695 3239 815 3312; x_wconf 90' lang='lat' dir='ltr'>pudoris,</span> <span class='ocrx_word' id='word_1_280' title='bbox 845 3235 928 3311; x_wconf 71' lang='lat' dir='ltr'>quam</span> <span class='ocrx_word' id='word_1_281' title='bbox 949 3237 1148 3302; x_wconf 68' lang='lat' dir='ltr'>universarumt</span> 
     </span>
     <span class='ocr_line' id='line_1_37' title="bbox 220 3312 1149 3389; baseline 0.002 -23"><span class='ocrx_word' id='word_1_282' title='bbox 220 3312 389 3378; x_wconf 67' lang='lat' dir='ltr'>“terruisset</span> <span class='ocrx_word' id='word_1_283' title='bbox 410 3332 447 3369; x_wconf 92' lang='lat' dir='ltr'>ne</span> <span class='ocrx_word' id='word_1_284' title='bbox 466 3315 635 3389; x_wconf 70' lang='lat' dir='ltr'>compellatur</span> <span class='ocrx_word' id='word_1_285' title='bbox 649 3333 665 3370; x_wconf 90' lang='lat' dir='ltr'>a</span> <span class='ocrx_word' id='word_1_286' title='bbox 678 3316 792 3372; x_wconf 87' lang='lat' dir='ltr'>consule</span> <span class='ocrx_word' id='word_1_287' title='bbox 813 3317 980 3386; x_wconf 88' lang='lat' dir='ltr'>viderentur,</span> <span class='ocrx_word' id='word_1_288' title='bbox 1000 3317 1149 3372; x_wconf 79' lang='lat' dir='ltr'>dixissamt</span> 
     </span>
     <span class='ocr_line' id='line_1_38' title="bbox 220 3387 1150 3467; baseline -0.004 -17"><span class='ocrx_word' id='word_1_289' title='bbox 220 3387 323 3450; x_wconf 69' lang='lat' dir='ltr'>“l-Qui</span> <span class='ocrx_word' id='word_1_290' title='bbox 338 3391 383 3446; x_wconf 86' lang='lat' dir='ltr'>hic</span> <span class='ocrx_word' id='word_1_291' title='bbox 397 3409 457 3448; x_wconf 90' lang='lat' dir='ltr'>mos</span> <span class='ocrx_word' id='word_1_292' title='bbox 469 3403 519 3448; x_wconf 84' lang='lat' dir='ltr'>est·</span> <span class='ocrx_word' id='word_1_293' title='bbox 531 3394 559 3448; x_wconf 89' lang='lat' dir='ltr'>in</span> <span class='ocrx_word' id='word_1_294' title='bbox 581 3393 732 3467; x_wconf 89' lang='lat' dir='ltr'>publicum·</span> <span class='ocrx_word' id='word_1_295' title='bbox 746 3394 935 3467; x_wconf 88' lang='lat' dir='ltr'>procurrendi,</span> <span class='ocrx_word' id='word_1_296' title='bbox 956 3404 984 3450; x_wconf 88' lang='lat' dir='ltr'>et</span> <span class='ocrx_word' id='word_1_297' title='bbox 1003 3390 1150 3450; x_wconf 86' lang='lat' dir='ltr'>obsidendi</span> 
     </span>
     <span class='ocr_line' id='line_1_39' title="bbox 221 3467 1151 3546; baseline 0.001 -24"><span class='ocrx_word' id='word_1_298' title='bbox 221 3467 332 3534; x_wconf 60' lang='lat' dir='ltr'>“trias</span> <span class='ocrx_word' id='word_1_299' title='bbox 346 3479 374 3525; x_wconf 84' lang='lat' dir='ltr'>at</span> <span class='ocrx_word' id='word_1_300' title='bbox 387 3469 458 3526; x_wconf 87' lang='lat' dir='ltr'>viros</span> <span class='ocrx_word' id='word_1_301' title='bbox 471 3471 575 3526; x_wconf 86' lang='lat' dir='ltr'>alienos</span> <span class='ocrx_word' id='word_1_302' title='bbox 588 3472 742 3546; x_wconf 87' lang='lat' dir='ltr'>appellandi</span> <span class='ocrx_word' id='word_1_303' title='bbox 755 3475 765 3526; x_wconf 84' lang='lat' dir='ltr'>l</span> <span class='ocrx_word' id='word_1_304' title='bbox 807 3472 884 3528; x_wconf 85' lang='lat' dir='ltr'>Istud</span> <span class='ocrx_word' id='word_1_305' title='bbox 898 3472 987 3546; x_wconf 90' lang='lat' dir='ltr'>ipsum</span> <span class='ocrx_word' id='word_1_306' title='bbox 1000 3487 1067 3528; x_wconf 86' lang='lat' dir='ltr'>suos</span> <span class='ocrx_word' id='word_1_307' title='bbox 1077 3486 1151 3543; x_wconf 78' lang='lat' dir='ltr'>qute-</span> 
     </span>
     <span class='ocr_line' id='line_1_40' title="bbox 222 3546 1152 3624; baseline 0.001 -23"><span class='ocrx_word' id='word_1_308' title='bbox 222 3546 319 3618; x_wconf 81' lang='lat' dir='ltr'>‘l‘que</span> <span class='ocrx_word' id='word_1_309' title='bbox 331 3547 404 3603; x_wconf 91' lang='lat' dir='ltr'>domi</span> <span class='ocrx_word' id='word_1_310' title='bbox 417 3565 514 3624; x_wconf 84' lang='lat' dir='ltr'>rogare</span> <span class='ocrx_word' id='word_1_311' title='bbox 528 3567 582 3605; x_wconf 89' lang='lat' dir='ltr'>uon</span> <span class='ocrx_word' id='word_1_312' title='bbox 596 3551 742 3624; x_wconf 87' lang='lat' dir='ltr'>potuistisl</span> <span class='ocrx_word' id='word_1_313' title='bbox 783 3551 830 3606; x_wconf 91' lang='lat' dir='ltr'>Au</span> <span class='ocrx_word' id='word_1_314' title='bbox 852 3549 1008 3606; x_wconf 85' lang='lat' dir='ltr'>blandiores</span> <span class='ocrx_word' id='word_1_315' title='bbox 1030 3548 1059 3603; x_wconf 92' lang='lat' dir='ltr'>in</span> <span class='ocrx_word' id='word_1_316' title='bbox 1080 3546 1152 3621; x_wconf 88' lang='lat' dir='ltr'>pub·</span> 
     </span>
     <span class='ocr_line' id='line_1_41' title="bbox 187 3622 1150 3700; baseline 0.006 -26"><span class='ocrx_word' id='word_1_317' title='bbox 187 3622 320 3680; x_wconf 59' lang='lat' dir='ltr'>attalica</span> <span class='ocrx_word' id='word_1_318' title='bbox 349 3624 432 3698; x_wconf 77' lang='lat' dir='ltr'>quam</span> <span class='ocrx_word' id='word_1_319' title='bbox 456 3627 487 3682; x_wconf 88' lang='lat' dir='ltr'>in</span> <span class='ocrx_word' id='word_1_320' title='bbox 507 3627 619 3700; x_wconf 84' lang='lat' dir='ltr'>privato,</span> <span class='ocrx_word' id='word_1_321' title='bbox 647 3641 675 3684; x_wconf 87' lang='lat' dir='ltr'>et</span> <span class='ocrx_word' id='word_1_322' title='bbox 703 3628 800 3684; x_wconf 87' lang='lat' dir='ltr'>alienis</span> <span class='ocrx_word' id='word_1_323' title='bbox 820 3627 901 3700; x_wconf 79' lang='lat' dir='ltr'>qubm</span> <span class='ocrx_word' id='word_1_324' title='bbox 932 3626 1038 3692; x_wconf 87' lang='lat' dir='ltr'>vestris,</span> <span class='ocrx_word' id='word_1_325' title='bbox 1058 3625 1150 3682; x_wconf 79' lang='lat' dir='ltr'>estisl</span> 
     </span>
     <span class='ocr_line' id='line_1_42' title="bbox 222 3702 1153 3781; baseline 0.002 -25"><span class='ocrx_word' id='word_1_326' title='bbox 222 3702 429 3776; x_wconf 81' lang='lat' dir='ltr'>“lquamquam</span> <span class='ocrx_word' id='word_1_327' title='bbox 442 3723 479 3762; x_wconf 89' lang='lat' dir='ltr'>ue</span> <span class='ocrx_word' id='word_1_328' title='bbox 493 3705 566 3760; x_wconf 87' lang='lat' dir='ltr'>domi</span> <span class='ocrx_word' id='word_1_329' title='bbox 579 3707 690 3780; x_wconf 87' lang='lat' dir='ltr'>quidem</span> <span class='ocrx_word' id='word_1_330' title='bbox 713 3725 769 3772; x_wconf 88' lang='lat' dir='ltr'>vos,</span> <span class='ocrx_word' id='word_1_331' title='bbox 794 3705 871 3762; x_wconf 86' lang='lat' dir='ltr'>sisui</span> <span class='ocrx_word' id='word_1_332' title='bbox 893 3705 962 3781; x_wconf 85' lang='lat' dir='ltr'>juris</span> <span class='ocrx_word' id='word_1_333' title='bbox 982 3704 1084 3760; x_wconf 88' lang='lat' dir='ltr'>linibus</span> <span class='ocrx_word' id='word_1_334' title='bbox 1096 3717 1153 3758; x_wconf 86' lang='lat' dir='ltr'>ma·</span> 
     </span>
     <span class='ocr_line' id='line_1_43' title="bbox 221 3781 1154 3860; baseline 0.002 -24"><span class='ocrx_word' id='word_1_335' title='bbox 221 3781 525 3854; x_wconf 62' lang='lat' dir='ltr'>‘latronasoontinerat</span> <span class='ocrx_word' id='word_1_336' title='bbox 544 3785 641 3858; x_wconf 83' lang='lat' dir='ltr'>pudor,</span> <span class='ocrx_word' id='word_1_337' title='bbox 660 3803 721 3858; x_wconf 75' lang='lat' dir='ltr'>qus</span> <span class='ocrx_word' id='word_1_338' title='bbox 741 3784 875 3860; x_wconf 77' lang='lat' dir='ltr'>legsshic</span> <span class='ocrx_word' id='word_1_339' title='bbox 888 3785 1058 3859; x_wconf 79' lang='lat' dir='ltr'>rogarentur,</span> <span class='ocrx_word' id='word_1_340' title='bbox 1077 3781 1154 3848; x_wconf 81' lang='lat' dir='ltr'>abro-</span> 
     </span>
    </p>
   </div>
   <div class='ocr_carea' id='block_1_4' title="bbox 0 0 1327 4200">
    <p class='ocr_par' dir='ltr' id='par_1_5' title="bbox 0 0 1327 4200">
     <span class='ocr_line' id='line_1_44' title="bbox 0 0 1327 4200; baseline 0 0"><span class='ocrx_word' id='word_1_341' title='bbox 0 0 1327 4200; x_wconf 95' lang='lat' dir='ltr'> </span> 
     </span>
    </p>
   </div>
  </div>
 </body>
</html>
