2622 4194
9 411 19 444 Ο

174 383 214 448 ot
268 335 274 398 Ἰ·
420 375 584 456 mmjtmu
598 373 699 442 aman
713 377 734 444 1,
749 391 868 444 ,erm
913 401 935 437 .-

176 523 274 604 plebis,
294 523 324 583 in
346 521 431 583 fossas
448 523 618 600 cloacasque
630 522 830 590 exhauriendas
850 523 1001 583 demersae:
1036 517 1100 593 ‚lto

172 607 274 662 'manos
286 601 420 671 homiues,
434 602 549 662 victores
571 600 695 658 omnium
714 602 789 660 'circi
801 601 971 678 populorum,
985 603 1100 680 opifices

178 685 212 738 ab
234 679 365 757 lapicidas
387 697 436 755 pro
457 678 631 736 bellatoribus
654 678 748 737 iactos.
797 679 917 756 Indigna
938 681 996 738 Ser.
1011 681 1099 741 Tullii

178 758 252 834 tegis
274 773 421 815 memorata
446 757 543 826 caedes,
569 765 597 812 et
623 755 731 814 intecta
751 757 856 831 corpori
876 758 959 832 patris
978 759 1099 818 nefando

176 835 304 894 vehiculo
315 829 388 904 lilis3
408 834 578 908 invocatique
598 831 699 892 ultores
712 837 854 909 parenttim
867 833 923 892 Dii.
963 830 1099 906 Hisyatro·
1118 851 1135 894 s

178 913 359 988 eioribusque,
385 913 476 985 credo,
502 911 563 968 aliis
588 910 661 988 (quae
687 929 807 986 praesens
828 929 920 970 rerum
940 913 1101 990 indignitas,

177 989 386 1066 haudquiquarn
398 990 485 1046 relatu
498 989 676 1065 scriptoribus
687 989 790 1058 facilia,
801 987 924 1069 subjicit)
933 991 1099 1061 memoratis,

179 1064 321 1127 iucensam
340 1067 542 1124 mollitudinem
565 1065 691 1144 perpulit,
709 1077 740 1123 ut
757 1067 902 1142 imperium
915 1068 973 1144 rogi
987 1069 1101 1146 abroga-

179 1157 231 1214 ret,
245 1146 406 1220 exsulesque
426 1161 486 1202 esse
505 1144 613 1219 juberet
629 1141 668 1199 «L.
692 1137 876 1220 Tarquinium
896 1164 960 1202 cum
982 1146 1100 1222 conjuge

180 1237 214 1282 ac
226 1223 325 1281 liberis.
371 1222 443 1296 Ipse,
454 1222 618 1298 junioribus,
632 1221 678 1294 qui
692 1221 762 1278 ultro
774 1222 886 1281 nomina
898 1224 1100 1290 dabantlectis
1109 1239 1136 1280 m

98 1341 101 1346 ι
180 1301 348 1376 armatisque,
362 1301 397 1357 ad
410 1300 604 1357 concitandum
615 1299 683 1356 inde
700 1300 830 1358 adversus
843 1317 937 1376 regern
948 1301 1101 1372 exercitum

180 1377 303 1436 Ardeam
315 1379 341 1436 in
355 1388 444 1436 camra
456 1387 498 1434 est
507 1377 664 1452 profectus:
684 1377 827 1452 imperium
836 1377 865 1434 in
875 1377 949 1436 Urbe
960 1377 1099 1446 Lucretio,

178 1455 309 1532 praelecto
321 1455 401 1514 Urbis
411 1455 467 1530 jam
482 1451 546 1511 ante
568 1455 603 1510 ab
625 1471 690 1530 rege
703 1455 839 1527 instituto,
850 1455 985 1530 relinquit
1025 1455 1101 1516 Inter

181 1533 256 1591 hunc
269 1534 413 1591 tumultum
427 1531 521 1590 'I'ullia
544 1533 625 1590 domo
647 1532 775 1607 profugit,
796 1533 1011 1600 exsecrantibus,
1035 1526 1101 1608 qui·

180 1627 298 1744 cutpque
312 1609 464 1678 incedebat,
485 1609 734 1684 invocantibusque·
751 1609 896 1686 parentium
916 1609 1014 1668 Furias
1037 1609 1137 1684 viriam

180 1705 227 1745 mu
239 1689 400 1763 ictibusque.

218 1841 280 1901 LX.
301 1841 407 1901 Harum
419 1855 510 1900 renim
523 1842 627 1900 nuntiis
640 1841 669 1900 in
677 1852 769 1900 castra
779 1839 987 1918 perlatis'quum
995 1863 1024 1902 re
1032 1847 1102 1902 novi

180 1922 301 1998 trepidus
313 1941 361 1980 rex
373 1931 498 1996 pergeret
511 1919 632 1978 Romam
644 1921 680 1978 ad
694 1921 913 1997 comprimendos
925 1933 1023 1990 motus,
1037 1922 1102 1980 ilex-

180 1998 203 2056 it
215 1999 285 2056 riam
299 1999 398 2056 Brutus
417 1999 551 2074 (senserat
574 1999 648 2056 enim
671 1998 830 2077 adventum)
850 2017 886 2056 ne
899 1999 994 2057 obvius
1006 2001 1101 2071 fieret3

180 2077 330 2150 eodemque
345 2077 399 2133 sere
413 2087 543 2152 tempore,
557 2076 672 2133 diversis
685 2076 838 2144 itineribus,
857 2077 957 2135 Brutus
971 2079 1101 2146 Ardeam,
1110 2099 1135 2139 so
1167 2086 1168 2090 ’

181 2151 350 2227 Tarquinius
369 2153 495 2225 Romam,
521 2163 663 2212 venerunt.
703 2154 761 2212 Tar
780 2155 864 2223 uinio,
888 2156 988 2213 clause
1009 2165 1102 2231 porta,

180 2229 361 2306 'exsiliumque
382 2233 531 2290 indictum:
564 2231 738 2291 liberatorem
761 2175 843 2291 ilrbls
862 2233 924 2290 laeta
946 2244 1035 2290 castra
1057 2252 1103 2290 uc⁴

182 2305 298 2384 caperon
331 2309 472 2385 exactique
495 2309 560 2367 inde
582 2309 661 2368 libe‘ri
687 2311 768 2385 regis:
808 2309 871 2368 Duo
891 2323 994 2387 patrem
1015 2309 1103 2370 secuti

181 2396 254 2454 sunt,
277 2387 324 2461 qui
347 2387 499 2446 exsulatum
522 2387 654 2444 cereris
672 2387 803 2444 Etruscos
816 2387 914 2445 ierunt.
954 2390 1017 2447 Sex.
1033 2389 1103 2446 Tai-

181 2463 302 2538 quinius,
316 2463 428 2536 Gabios,
445 2459 587 2538 ‘tamquam
608 2464 637 2521 in
657 2483 738 2522 suum
757 2483 883 2540 reguum,
904 2466 1050 2540 proiectus,
1069 2467 1136 2526 abas

182 2539 314 2597 ultoribus
327 2552 446 2598 veterum
460 2541 636 2609 simultatum,
657 2561 725 2616 quas
745 2542 796 2600 sibi
820 2543 877 2618 ipse
901 2545 1022 2600 oaedibus
1034 2544 1136 2619 rapi„

183 2617 279 2691 nisque
292 2618 457 2692 conciverat,
470 2619 512 2676 est
526 2619 694 2677 interiectus.
733 2619 767 2678 L.
781 2620 950 2696 Tarquinius
964 2621 1130 2697 Superbus?

183 2695 406 2770 regnavitannos
422 2697 541 2772 quinque
564 2707 592 2754 et
614 2697 719 2774 viginti.
758 2697 917 2774 Regnatum
940 2700 1044 2766 Romae,
1068 2685 1130 2756 ab⁵²

182 2773 294 2830 condit&
319 2773 394 2832 Urbe
420 2775 454 2832 ad
479 2775 629 2842 liberatam,
657 2795 743 2834 anuos
768 2776 901 2834 ducentos
925 2776 1123 2852 quadraginta.

161 2913 162 2916 ,
182 2855 305 2926 quatuor.
346 2851 411 2910 Duo
430 2853 556 2910 consules
566 2853 631 2910 iude
645 2854 762 2912 comitiis
775 2854 934 2912 centuriatis
947 2873 964 2912 a
975 2854 1103 2930 prefecto
1116 2883 1132 2927 ‚s

183 2927 266 2986 Urbis
278 2943 312 2988 ex
326 2931 528 2989 commentariis
554 2929 614 2988 Ser.
641 2931 728 2989 Tullii
751 2931 928 3005 masticant,
949 2931 982 2990 L.
1002 2932 1133 2990 lunius‘s

183 3001 284 3066 Brutus
297 3019 325 3067 et
337 3009 370 3066 L.
384 3007 553 3084 Tarquinius
566 3009 726 3068 Collatinus.
987 3014 988 3018 ’
1110 3004 1136 3113 ἕ
