2620 4200
513 348 614 400 LIBER
628 349 708 399 XXX
736 363 863 400 car.xxx.
1079 351 1138 414 235

212 492 323 568 “prope
334 512 370 556 ,ac
383 493 520 551 moeuibus
533 492 613 567 signa
627 511 755 566 armaque
775 493 895 550 hostiurn
908 489 1020 563 vidistis,
1044 503 1072 551 et
1085 499 1138 552 uos

211 579 230 607 “
239 572 274 626 ab
294 572 461 646 Cartbagine
482 571 619 627 fremitum
643 581 793 628 castrorum
815 571 1005 626 Romanorum
1025 573 1137 629 exaudi·

212 657 309 706 “mus.
347 649 432 709 Quod
453 649 535 724 igitur
549 667 600 705 nos
619 649 738 704 maxime
758 647 987 718 abominaremur,
1007 666 1054 706 vos
1074 660 1139 707 aute
1167 682 1171 692 ι

212 727 332 784 t‘omnia
344 728 483 801 optaretis,
502 727 531 782 in
546 725 657 782 meliore
671 726 761 782 vestrrl
774 726 883 782 fortuna
897 725 931 781 de
944 743 1013 800 pace
1027 726 1116 801 agitur
1130 746 1140 782 r

190 812 230 856 ⁵⁶⁶
239 805 346 878 agimus
359 805 388 875 ii,
401 823 516 879 quorum
529 814 557 860 et
571 802 690 860 maxime
714 803 829 861 interest
851 821 948 878 pacem
962 822 1032 871 esse,
1046 816 1074 860 et
1093 804 1140 878 qui
1189 869 1190 876 ἵ

211 882 430 956 “quodcumque
456 882 602 957 egerimus,
626 893 715 937 ratum
741 881 866 937 civitates
889 891 987 938 nostrae
1008 881 1140 938 habiturae

210 966 228 994 “
237 959 301 1015 siut.
342 962 446 1017 Animo
459 959 564 1016 tantxim
579 959 658 1016 nobis
671 978 739 1033 opus
753 969 862 1014 estnon
877 959 1040 1016 abhorrente
1054 977 1070 1016 a
1083 959 1141 1033 qui-

156 1065 159 1071 ·
210 1037 290 1093 “etis
311 1039 442 1095 consiliis.
495 1037 583 1099 Quod
598 1037 632 1092 ad
646 1055 690 1092 me
704 1037 811 1103 attinet,
829 1037 886 1112 jam
909 1046 975 1093 aetas
996 1055 1091 1094 senem
1111 1038 1141 1094 in

210 1122 229 1149 “
238 1116 353 1188 patriam
379 1127 570 1181 revertentem,
592 1115 666 1171 unde
686 1131 754 1189 puer
773 1116 911 1189 profectus
932 1134 1002 1184 sum,
1023 1115 1079 1190 jam
1100 1135 1142 1172 se·

178 1194 348 1260 ro“cundae,
361 1195 416 1269 jain
430 1195 551 1250 adverse
570 1211 623 1264 res,
644 1193 682 1248 ita
701 1193 871 1264 erudierunt,
895 1202 925 1249 ut
947 1193 1082 1250 rationem
1102 1212 1143 1250 se·

212 1271 294 1344 “qui‚
309 1271 389 1345 quim
405 1273 551 1340 fortunam,
572 1270 674 1326 malim.
714 1270 808 1326 Tuam
828 1281 857 1326 et
880 1270 1094 1327 adolescentiam
1114 1281 1143 1328 et

212 1357 399 1422 “perpetuam
427 1349 596 1419 felicitatem,
623 1348 757 1405 ferociora
784 1359 906 1422 utraque,
934 1347 1016 1421 quam
1043 1349 1145 1424 quietis

212 1433 310 1502 “opus
329 1437 371 1484 est
396 1427 527 1495 consiliis,
549 1437 649 1484 metuo.
689 1425 755 1482 Non
778 1428 880 1483 temere
902 1425 1007 1483 incerta
1028 1445 1143 1483 casuum

211 1511 357 1577 “reputat‚
380 1524 462 1579 quem
483 1505 591 1561 fortuna
611 1522 751 1577 nunquam
766 1504 883 1579 decepit.
922 1503 1019 1564 Quod·
1032 1522 1084 1579 ego
1104 1503 1145 1560 fui·

180 1582 274 1636 15“ad
296 1583 504 1648 Trasimenum,
531 1583 565 1638 ad
586 1582 709 1653 Cannas,
730 1582 757 1637 id
778 1591 808 1638 tu
828 1582 910 1638 hodie
929 1600 968 1638 es.
1021 1583 1146 1639 Vixdum

212 1659 349 1716 “militari
364 1671 445 1716 aetate
458 1661 573 1734 imperio
591 1670 715 1734 accepto,
737 1660 831 1716 omnia
851 1659 1032 1716 audacissime
1048 1659 1144 1734 incipi·

212 1745 330 1793 “eutem
355 1756 489 1811 nusquam
512 1737 607 1794 fefellit
628 1738 744 1794 fortuna.
786 1737 874 1793 Patris
897 1749 925 1794 et
947 1738 1036 1811 patrui
1053 1757 1144 1812 perse·

213 1822 320 1870 “cutus
334 1826 459 1886 mortem,
476 1817 510 1870 ab
524 1815 680 1872 calamitate
693 1825 790 1871 vestrae
813 1813 914 1872 domlls
935 1816 1021 1872 decus
1035 1815 1147 1890 insigne

150 1924 157 1931 ·
214 1892 349 1948 “virtutis
362 1893 524 1966 pietatisque
537 1893 645 1949 eximite
659 1893 774 1967 cepisti:
804 1892 918 1948 amissas
941 1893 1091 1967 Hispanias
1103 1912 1144 1949 re·

177 1970 393 2042 swcupertsri,
414 1981 528 2042 quatuor
549 1969 614 2024 inde
634 1969 748 2025 Punicis
768 1970 936 2026 exercitibus
947 1970 1052 2043 pulsis:
1079 1987 1145 2024 con-

215 2046 284 2102 “sul
298 2058 415 2117 creatus,
429 2065 512 2120 quum
527 2047 634 2102 crateris
648 2046 682 2100 ad
696 2047 839 2102 tutandam
853 2046 962 2102 Italiam
976 2065 1074 2120 parum
1088 2046 1145 2103 ani·

215 2128 232 2159 ‘⁶
242 2125 279 2180 mi
293 2137 373 2193 esset,
387 2137 573 2198 transgressus
587 2123 615 2178 in
639 2123 774 2195 Africam,
798 2124 906 2180 duobus
919 2125 964 2180 hle
977 2125 1147 2181 exercitibus

136 2244 143 2265 ,
216 2203 331 2269 “cesis,
347 2203 419 2258 binis
432 2202 530 2257 eadem
545 2202 610 2257 bora
633 2200 721 2274 captis
744 2201 825 2257 simul
841 2201 1015 2274 incensisque
1036 2203 1142 2269 castris,

216 2279 370 2354 “Syphace
390 2279 578 2354 potentissimo
598 2296 663 2352 rege
684 2287 773 2352 capto,
792 2288 832 2334 tot
846 2278 959 2334 urbibus
977 2280 1055 2354 regni
1076 2280 1145 2354 ejus,
1227 2275 1229 2282 ’

181 2371 205 2410 as
217 2366 234 2392 “
243 2361 283 2414 tol
296 2358 380 2414 nostri
396 2357 502 2431 imperii
516 2356 626 2430 ereptis,
645 2375 691 2412 ma
714 2355 960 2412 sextumdecimum
971 2355 1027 2431 jam
1043 2374 1148 2413 annum

215 2433 859 2508 “haerenteminpossessioneItaliaedetraxisti.
892 2432 986 2490 Potest
996 2433 1145 2505 victoriam,

149 2535 152 2548 ·
216 2521 233 2548 ‘⁴
244 2513 363 2586 inquam,
379 2512 468 2582 malle,
482 2512 563 2586 quim
577 2529 685 2586 pacem,
699 2511 816 2568 animus.
846 2511 919 2568 Novi
933 2511 1044 2587 spiritus
1057 2512 1149 2587 magis

216 2599 365 2665 “magncs,
379 2589 462 2664 quam
478 2590 577 2646 utiles:
610 2600 638 2645 et
652 2589 719 2645 mihi
733 2589 794 2645 talis
808 2589 954 2664 aliquando
977 2587 1086 2647 fortuna
1107 2590 1147 2646 af·

216 2676 234 2703 “
244 2668 326 2724 fulsit.
366 2667 453 2728 Quod
464 2669 487 2724 si
501 2668 529 2724 in
544 2667 676 2723 secundis
695 2666 778 2723 rebus
791 2667 891 2724 bonam
905 2686 1011 2742 quoque
1025 2680 1149 2726 mentem·

184 2757 207 2796 m
217 2753 235 2781 “
244 2747 342 2801 darent
354 2745 420 2812 Dii;
454 2765 509 2801 non
524 2765 557 2801 ea
571 2745 672 2811 solum,
685 2763 745 2818 quae
759 2745 923 2815 evenissent,
944 2746 994 2801 sed
1006 2746 1089 2801 etiam
1103 2765 1146 2812 ea,

218 2831 305 2895 “quae
319 2823 429 2877 evenire
443 2831 562 2896 possent,
576 2833 773 2896 reputaremus.
813 2823 850 2879 Ut
862 2822 986 2880 omnium
1005 2821 1148 2878 oblivisca-

218 2900 282 2956 “ris
308 2899 433 2970 aliorum,
454 2899 519 2956 satis
539 2918 591 2974 ego
611 2899 769 2956 documenti
797 2900 826 2956 in
853 2917 949 2956 omnes
976 2917 1057 2955 casus
1077 2917 1146 2957 sum

218 2977 341 3041 ‘fQuem
356 2975 446 3046 model,
461 2977 558 3033 castris
571 2977 642 3034 inter
656 2977 795 3034 Anienem
819 2989 900 3052 atque
920 2977 1017 3032 urbem
1030 2987 1148 3036 vestram

217 3065 235 3092 ‘⁴
244 3055 349 3128 positis,
364 3056 443 3130 signa
458 3055 622 3112 inferentem
642 3056 676 3111 ad
690 3057 792 3114 moenia
805 3055 953 3122 Romana3
986 3053 1033 3111 bic
1045 3056 1147 3129 cernis,

185 3133 353 3189 as“duobus
375 3133 528 3190 fortissimis
550 3133 622 3199 viris,
645 3133 781 3205 fratribus,
804 3132 963 3196 clarissimis
979 3133 1150 3208 imperatori·

219 3219 237 3246 ‘⁶
246 3209 306 3282 bus,
328 3211 461 3280 orbatum,
487 3220 550 3266 ante
571 3211 674 3266 moenia
693 3211 774 3284 prope*
788 3210 905 3266 obsessae
926 3207 1029 3285 patrita,
1049 3214 1148 3288 quibus

220 3289 331 3345 “terrui
345 3299 461 3344 vestram
473 3289 580 3358 urbem,
594 3306 627 3343 ea
640 3307 688 3362 pro
702 3289 764 3343 med
777 3289 979 3360 deprecantem.
1020 3291 1148 3347 Maximae

220 3367 348 3440 “cuique
362 3366 478 3422 fortunus
494 3365 606 3422 minime
627 3366 796 3422 credendum
810 3376 860 3422 est.
900 3365 934 3423 In
948 3367 1027 3424 bonis
1040 3369 1095 3424 tuis
1108 3387 1149 3424 re·

221 3453 239 3480 “
248 3443 308 3508 bus,
323 3444 423 3500 nostris
435 3443 536 3514 dubiis,
557 3443 605 3498 tibi
619 3443 708 3517 ampla
728 3461 761 3498 ac
774 3443 898 3517 speciosa
917 3445 993 3502 danti
1014 3455 1056 3501 est
1075 3464 1148 3520 pax:

189 3535 213 3573 to
222 3530 240 3558 ‘⁶
250 3521 328 3577 uobis
346 3522 503 3596 petentibus
515 3520 601 3595 magis
614 3521 779 3587 necessaria,
791 3521 872 3594 quam
885 3522 1008 3580 honesta.
1048 3521 1149 3582 Melior

223 3599 385 3672 “tutiorque
405 3610 447 3656 est
470 3609 546 3655 certa
562 3616 625 3672 pax,
645 3598 726 3673 quiam
751 3609 858 3673 sperata
878 3599 1008 3658 victoria:
1036 3600 1096 3659 haee
1119 3603 1149 3660 in

226 3677 309 3744 “tut,
331 3677 377 3732 illa
397 3678 424 3734 in
440 3676 561 3734 Deorum
576 3695 659 3734 manu
679 3687 729 3734 est.
770 3677 815 3732 Ne
829 3686 868 3734 tot
887 3695 1022 3734 annorum
1036 3679 1151 3736 felicita·

222 3761 305 3810 “tem
321 3753 348 3811 in
363 3756 445 3814 unius
458 3757 530 3813 borae
545 3756 662 3812 dederis*
673 3755 830 3812 discrimen.
869 3754 968 3822 Quum
987 3764 1049 3813 tuas
1068 3757 1148 3830 vires,
