2620 4200
473 355 573 404 LIBER
590 355 732 406 XXXVIII.
752 369 811 404 ese.
823 369 869 404 arr.
1097 355 1152 414 261

232 483 393 569 “Quirites,
407 515 470 554 cum
485 497 642 555 Hannibale
661 507 689 555 et
703 495 986 572 Carthaginiensibus,
999 495 1084 570 siguis
1098 495 1153 554 col·

231 575 329 642 “latis,
343 575 370 631 in
387 576 483 632 Africa
497 576 567 632 bene
590 595 622 632 sc
644 576 759 632 feliciter
781 575 909 650 pugnavi.
949 573 1054 647 Itaque,
1067 593 1153 647 quum

231 661 249 688 “
258 653 339 708 hodie
353 652 445 709 litibus
459 664 486 709 et
494 653 592 728 jurgiis
605 654 776 728 supersederi
795 671 900 726 aequum
912 651 956 718 sit,
968 670 1020 726 ego
1029 652 1093 707 hinc
1104 671 1154 707 ex-

229 738 248 766 “
257 730 357 804 templo
370 730 398 786 in
413 729 578 805 Capitolium
587 732 621 787 ad
631 732 728 788 Jovem
740 731 881 806 Optimum
893 730 1056 794 Maximum,
1068 729 1153 785 Jnnod

207 815 373 880 s“nemque
393 819 421 864 et
441 807 604 879 Minervam,
618 821 783 881 ceterosque
802 807 885 873 Deos,
899 807 945 880 qui
966 807 1101 880 Capitolio
1114 816 1154 862 sta
1184 861 1185 866 ,

229 893 308 957 “que
322 885 379 950 arci
392 886 548 959 president,
567 886 724 942 salutandos
738 887 800 942 ibo:
829 885 923 958 hisque
944 885 1045 959 gratias
1064 896 1152 960 agam,

228 971 246 997 “
255 961 329 1035 qudd
343 963 409 1018 mihi
424 974 452 1018 et
465 963 517 1019 hcc
531 963 590 1037 ipso
603 965 658 1034 die,
678 976 705 1019 et
718 980 790 1036 saepe
804 962 881 1032 alitis,
893 963 1002 1038 egregie
1025 962 1064 1018 rei
1087 965 1154 1038 pub-

228 1039 315 1094 “lice
328 1040 457 1113 gerendae
478 1052 598 1096 mentem
620 1041 828 1113 facultatemque
842 1040 984 1096 dederunt.
1025 1040 1151 1099 Vestrum

228 1124 361 1189 “quoque
382 1118 480 1190 quibus
500 1119 676 1174 commodum
701 1128 752 1184 est,
773 1118 809 1174 ite
830 1133 949 1190 mecum,
969 1117 1104 1186 Quirites,
1124 1132 1154 1180 et

195 1201 328 1248 ro“orate
344 1196 426 1260 Deos,
448 1205 477 1250 nt
490 1197 545 1250 mei
559 1196 662 1252 similes
678 1196 816 1270 principes
836 1197 976 1252 habeatis:
1008 1197 1054 1268 ita,
1075 1197 1097 1253 si
1117 1198 1154 1253 ab

226 1279 244 1307 “
254 1273 333 1326 annis
346 1273 542 1346 septemdecim
557 1275 591 1328 ad
605 1285 775 1329 senectutem
790 1292 896 1348 semper
916 1293 962 1330 vos
976 1284 1082 1330 etatem
1096 1293 1152 1330 mo-

225 1351 295 1403 “am
318 1349 466 1406 honoribus
480 1350 575 1405 vestris
595 1352 728 1422 anteistis,
750 1369 802 1426 ego
822 1363 924 1408 vestros
937 1353 1053 1408 honores
1072 1353 1154 1409 rebus

224 1427 383 1500 “gerendis
396 1426 554 1501 praecessi.”
587 1427 633 1484 Ab
646 1429 755 1486 Rostris
769 1430 797 1484 in
812 1425 976 1502 Capitolium
989 1430 1152 1485 adscendit:

223 1502 304 1558 simul
319 1523 348 1558 se
368 1505 495 1560 universa
515 1506 613 1562 concio
634 1507 739 1573 avertit,
760 1517 788 1562 et
808 1518 902 1562 secuta
919 1507 1077 1580 Scipionem
1091 1517 1151 1576 est3

192 1596 214 1634 15
224 1577 301 1650 adeb,
316 1593 345 1637 ut
358 1581 494 1656 postremd
507 1585 605 1640 scribae
628 1585 797 1658 viatoresque
821 1584 942 1640 tribunos
956 1583 1151 1656 relinquerent,

222 1675 276 1713 nec
290 1677 353 1714 cum
368 1660 409 1727 iis,
429 1669 525 1733 praeter
545 1661 671 1718 servilem
695 1663 864 1732 contimtum,
883 1673 911 1716 et
929 1679 1083 1735 preconem
1104 1661 1150 1734 qui

221 1753 299 1790 reum
313 1755 347 1790 ex
362 1736 469 1792 Rostris
482 1738 594 1810 citabat,
608 1740 749 1814 qnisquam
764 1749 842 1794 esset.
871 1739 975 1812 Scipio,
986 1757 1041 1796 non
1056 1739 1084 1794 in
1098 1739 1151 1794 Ca·

221 1812 315 1886 pitolio
329 1813 420 1883 modo,
435 1815 483 1869 sed
496 1833 544 1888 per
558 1827 642 1872 totam
654 1817 758 1884 urbem,
772 1815 863 1872 omnia
872 1816 972 1888 templa
982 1815 1075 1871 Detim
1085 1833 1149 1870 cum

221 1888 321 1961 populo
335 1889 462 1946 Romano
474 1893 620 1949 circumiit.
654 1893 831 1963 ‚celebratior
845 1892 867 1947 is
889 1893 971 1966 prope
985 1894 1044 1948 dies
1058 1892 1148 1948 favore

187 1983 212 2022 so
222 1964 363 2020 hominum
378 1977 405 2020 et
419 1967 682 2039 aestimationelverae
702 1969 901 2042 magnitudinis
918 1971 977 2042 ejus
992 1969 1050 2034 suit,
1065 1967 1149 2041 quim

220 2060 274 2113 quo
288 2043 458 2116 triumphans
476 2045 511 2100 de
531 2045 657 2120 Syphace
677 2063 742 2124 rege
762 2056 790 2103 et
810 2045 1083 2123 Carthaginiensibus
1097 2045 1152 2120 Uu-v

220 2117 282 2174 bem
295 2130 336 2175 est
350 2121 482 2178 invectus.

257 2275 321 2333 LII.
343 2278 401 2336 ilic
421 2282 559 2354 speciosus
578 2285 689 2361 ultimus
703 2285 764 2340 dies
776 2284 806 2340 P.
823 2283 943 2357 Scipioni
958 2283 1063 2339 illuxit:
1084 2292 1146 2356 post

217 2371 298 2426 quem
319 2376 402 2430 quum
424 2359 552 2416 invidiam
574 2372 601 2417 et
620 2363 771 2418 certamina
791 2381 856 2431 cum
877 2361 994 2426 tribunis
1010 2360 1146 2433 prospice·

183 2443 266 2497 estet,
283 2433 327 2488 die
348 2434 470 2510 longiore
483 2439 614 2510 prodicta,
636 2440 663 2495 in
685 2439 859 2495 Literninum
878 2437 1035 2503 concessit3
1069 2448 1146 2492 certo

217 2511 340 2580 consilio,
356 2531 396 2578 ne,
406 2514 439 2569 ad
453 2533 565 2570 causam
579 2517 725 2573 dicendam
740 2517 856 2572 adesset.
896 2515 984 2588 Major
995 2514 1103 2570 suimus
1117 2527 1145 2570 et

216 2588 315 2643 natura
327 2602 393 2658 erat,
409 2610 442 2646 ac
456 2592 551 2665 majori
575 2593 689 2649 sortunae
713 2605 846 2658 assuetus,
868 2591 949 2666 quem
965 2603 994 2647 ut
1008 2611 1069 2647 reus
1082 2609 1146 2646 esse

216 2663 305 2732 sciret,
328 2677 356 2722 et
375 2669 536 2724 submittere
549 2689 578 2724 se
593 2671 621 2725 in
643 2671 824 2726 humilitatem
848 2689 959 2726 causam
981 2669 1143 2724 dicentium.

215 2737 269 2794 Ubi
284 2742 343 2797 dies
356 2746 437 2813 venit,
452 2747 584 2819 citarique
598 2748 697 2804 absens
720 2759 761 2804 est
784 2759 898 2820 creptae,
923 2747 955 2802 L.
968 2746 1061 2818 Scipio
1074 2763 1145 2800 mer·-

183 2813 280 2876 aobum
296 2837 387 2874 causae
400 2840 469 2889 esse,
494 2841 543 2878 cur
557 2824 674 2892 abesset,
696 2826 864 2880 excusabat:
894 2841 975 2895 quam
991 2821 1144 2878 excusatio·

214 2909 278 2949 nem
292 2915 375 2969 quum
390 2899 501 2968 tribuni,
516 2899 561 2972 qui
576 2900 648 2955 diem
663 2902 796 2966 dixerant,
818 2920 873 2956 non
887 2900 1053 2972 acciperent,
1068 2909 1099 2979 et
1108 2899 1143 2953 ab

213 2971 312 3029 eidem
326 2976 451 3048 superbiai
466 2995 521 3032 uon
535 2978 628 3032 venire
652 2979 685 3033 ad
700 2996 810 3034 causam
825 2977 971 3034 dicendam
986 2985 1142 3049 arguerent,

212 3049 267 3121 quai
278 3051 415 3126 judicium
437 3065 473 3131 et,
485 3055 611 3110 tribunos
630 3055 717 3129 plebis
737 3068 764 3112 et
784 3055 946 3111 concionem
968 3053 1141 3126 reliquisset;

213 3136 250 3192 et,
264 3130 363 3201 quibus
373 3131 419 3205 jus
433 3131 467 3186 de
482 3151 510 3187 se
525 3133 650 3188 dicendae
665 3133 808 3189 sententie
818 3143 845 3187 et
858 3132 1010 3187 libertatem
1025 3130 1142 3188 ademis·
1171 3153 1175 3160 ’

179 3226 203 3266 ³5
212 3215 261 3273 set,
277 3207 319 3262 his
332 3208 486 3274 comitatus,
501 3209 574 3265 velut
587 3220 680 3283 captos
693 3211 815 3280 trahens,
829 3209 994 3282 triumphum
1009 3209 1043 3263 de
1057 3227 1142 3282 popu·

211 3280 238 3336 lo
251 3283 380 3340 Romano
394 3287 503 3360 egisset,
518 3288 756 3360 secessionemque
776 3306 809 3344 eo
829 3287 874 3342 die
895 3286 923 3342 in
945 3285 1110 3359 Capitolium
1124 3303 1142 3340 a

211 3359 329 3418 tribunis
349 3364 436 3436 plebis
462 3364 593 3420 lecisset:
634 3364 779 3420 “Habetis
804 3382 871 3437 crgo
889 3363 1049 3428 temeritatis
1068 3361 1140 3418 illius
1179 3404 1182 3411 .

211 3437 407 3496 “mercedem
446 3441 514 3501 Quo
535 3442 607 3497 duce
629 3453 657 3498 et
680 3453 791 3498 auctore
811 3460 862 3498 nos
881 3440 1035 3513 reliquistis,
1052 3437 1087 3492 ab
1106 3455 1140 3494 eo

210 3510 291 3589 “ipsi
305 3518 392 3574 relicti
407 3519 490 3575 estis:
523 3529 551 3574 et
564 3529 670 3575 tantum
692 3519 844 3575 animorum
868 3518 897 3574 in
921 3519 980 3573 dies
993 3514 1072 3574 nobis
1092 3515 1140 3572 de-

178 3593 229 3654 405‘
240 3595 349 3661 crescit,
364 3607 403 3662 ut,
418 3598 452 3653 ad
465 3615 557 3670 quem,
572 3608 635 3652 ante
655 3615 743 3653 annos
760 3595 966 3669 septemdecim,
988 3592 1138 3654 exercitum

209 3672 267 3726 “et
280 3671 394 3728 classem
419 3675 574 3742 habentem,
598 3675 722 3730 tribunos
742 3673 829 3748 plebis
850 3673 1010 3744 aedilemque
1030 3670 1138 3726 mittere

209 3746 267 3804 “in
282 3749 405 3812 Siciliam
420 3752 478 3810 ausi
492 3769 597 3823 sumus,
615 3745 661 3829 qni
674 3747 878 3827 prehenderent
890 3767 963 3817 eum,
977 3757 1005 3808 et
1018 3747 1137 3808 Romam
