2620 4200
503 355 604 406 nmen
618 355 710 407 xxvi
736 370 795 408 cas.
810 371 845 408 ιι.
967 319 969 326 ’
1061 357 1119 418 215

239 497 293 556 XI.
314 496 424 556 Postero
437 495 482 554 die
495 506 678 574 transgressus
692 497 829 556 Anienem
844 495 983 554 Hannibal
992 496 1119 556 inaciem

201 573 297 634 ornnes
310 575 402 650 copias
425 574 537 632 eduxit:
566 594 618 632 nec
641 575 760 633 Flaccus
780 575 958 648 consulesque
978 585 1118 634 certamen

201 654 391 712 detrectavere.
430 651 574 710 Instructis
587 654 723 727 utrimque
731 653 895 710 exercitibus
905 653 934 709 in
947 652 1006 727 ejus
1018 670 1118 729 pugnae

195 749 301 801 casum,
316 731 344 788 in
357 730 409 803 qui
423 730 487 788 urbs
499 729 591 789 Roma
603 730 698 789 victori
711 731 853 806 premium
875 740 956 797 esset,
977 731 1064 788 imber
1076 729 1119 786 in-

178 807 410 883 sgensgrandine
426 808 526 864 mixtus
539 807 578 864 ita
598 819 739 882 utramque
760 809 848 865 aciem
870 807 997 873 turbavit,
1019 818 1048 864 ut
1070 806 1115 866 vix

197 885 278 942 aruris
290 886 404 942 retentis
417 885 446 942 in
459 897 548 943 castra
567 904 628 942 sese
645 886 807 960 receperint,
828 885 929 942 nullius
948 885 988 942 rei
1002 885 1115 955 minore,

194 963 276 1034 quim
290 962 416 1032 bostium,
431 973 513 1022 metu.
553 963 591 1020 Et
603 975 710 1038 postero
720 964 766 1021 dic
786 964 883 1021 eodem
905 963 967 1020 loco
986 962 1061 1019 acies
1073 962 1117 1018 iu·

194 1050 311 1096 structas
330 1042 426 1096 eadem
446 1051 592 1116 tempestas
613 1041 737 1098 diremit:
771 1041 817 1098 ubi
842 1041 1010 1115 recepissent
1031 1057 1061 1096 se
1086 1039 1115 1096 in

161 1158 165 1164 -
195 1132 293 1184 castra,
307 1118 376 1174 mira
389 1120 520 1176 serenitas
534 1138 597 1176 cum
611 1119 804 1193 tranquillitate
812 1117 957 1176 oriebatur.
997 1117 1030 1173 In
1053 1117 1115 1173 reli·

164 1193 304 1266 regionem
317 1214 350 1252 ea
362 1213 406 1251 res
418 1198 489 1269 apud
503 1196 604 1253 Poenos
617 1215 695 1253 versa
707 1207 766 1253 est:
787 1196 933 1269 auditaque
946 1214 997 1252 vox
1008 1193 1115 1252 Hanni-

195 1269 265 1327 balis
278 1272 370 1338 fertur,
384 1275 402 1306 “
414 1273 556 1330 Potiundae
569 1273 620 1331 sibi
634 1273 709 1330 urbis
722 1273 821 1333 Romae
834 1272 916 1332 rnodd
928 1283 1048 1329 mentem
1058 1287 1115 1329 non

194 1350 213 1382 “
222 1349 291 1414 dari,
304 1348 384 1406 modb
397 1350 560 1407 fortunam.”
600 1350 729 1409 Minoem
743 1351 824 1408 etiarn
839 1369 915 1425 spem
931 1350 990 1425 ejus
1002 1360 1030 1407 et
1043 1349 1113 1420 aliae,
1184 1369 1187 1376 ’

193 1443 277 1499 parva
289 1445 451 1500 magnaque,
463 1447 524 1486 res:
544 1447 645 1503 magua
657 1429 712 1501 illa,
725 1429 808 1502 quiid,
821 1447 905 1502 quum
918 1428 976 1502 ipse
999 1427 1033 1484 ad
1047 1445 1114 1484 moe·

193 1503 241 1558 nia
254 1503 329 1559 urbis
342 1504 439 1560 Rcmae
453 1517 569 1564 armatus
583 1507 697 1576 sederet,
713 1506 812 1564 milites
825 1506 876 1562 sub
891 1505 997 1562 vexillis
1010 1504 1038 1562 in
1052 1521 1115 1578 sup·

162 1579 360 1654 replementum
375 1579 514 1654 Hispaniae
527 1585 662 1659 proiectos
675 1584 793 1641 audiuit:
821 1594 1017 1660 parvaautem,
1038 1579 1111 1654 quiid

191 1675 239 1733 per
252 1676 299 1714 eos
312 1658 371 1716 dies
385 1677 448 1713 eum
472 1658 536 1718 sorte
561 1681 665 1736 agrum,
689 1663 717 1718 in
740 1681 794 1736 quo
809 1663 867 1736 ipse
881 1671 970 1720 castra
990 1659 1112 1728 baberet,

191 1734 309 1806 venisse,
322 1734 391 1791 nihil
403 1735 439 1790 ob
452 1735 480 1790 id
500 1735 638 1796 deminuto
657 1740 753 1814 pretio,
776 1739 917 1814 cognitum
940 1756 975 1794 ex
994 1736 1112 1812 quodam
1178 1798 1181 1811 ἱ

191 1813 297 1887 captivo
310 1823 360 1870 est.
400 1811 433 1868 Id
447 1811 511 1868 verb
525 1813 591 1890 adab
600 1817 747 1890 superbum
761 1827 842 1891 atque
853 1816 998 1890 iudignum
1011 1814 1111 1886 visum,

190 1890 250 1965 ejus
263 1890 321 1959 soli,
342 1890 414 1963 quod
427 1890 485 1964 ipse
499 1889 569 1947 bello
583 1905 689 1968 captum
711 1895 862 1968 possideret
876 1895 1050 1966 haberetque,
1071 1890 1111 1948 irr-v

157 1981 182 2020 eo
192 1978 301 2024 ventum
315 1967 414 2024 Romae
428 1977 595 2040 emptorem
616 1981 651 2037 ut,
665 1971 800 2045 extemplo
813 1981 908 2028 vocato
921 1987 1057 2044 praecone,
1072 1977 1111 2024 ta·

191 2045 291 2103 bernes
304 2043 481 2119 argentarias,
495 2061 555 2116 quae
569 2043 644 2100 circa
653 2039 739 2106 soriam
753 2048 912 2106 Romam
929 2053 1110 2110 tumescent,

187 2122 300 2198 jusserit
314 2122 415 2178 venire.
456 2120 509 2176 His
522 2131 611 2177 motus
625 2119 659 2176 ad
670 2123 782 2181 Tutiam
800 2124 912 2181 fluvium
935 2132 1025 2180 castra
1038 2130 1110 2178 retu-

189 2201 228 2268 lit,
243 2219 293 2258 sex
307 2199 392 2256 millia
405 2218 532 2274 passuum
547 2199 582 2256 ab
595 2197 695 2259 ,Urbe¹
727 2202 792 2259 inde
814 2203 848 2258 ad
869 2201 964 2278 lucu-m
983 2197 1109 2258 Feroniae

189 2279 278 2354 pergit
291 2278 340 2350 ire,
353 2277 484 2351 templum
498 2275 532 2334 eii
545 2285 705 2350 tempestate
712 2279 842 2353 inclytum
854 2279 962 2337 divitiis.
983 2277 1109 2350 Capena·

156 2367 180 2408 25
189 2367 230 2414 tes
243 2357 325 2430 aliqui
337 2355 506 2429 accolaeejus
516 2365 611 2421 erant3
625 2353 752 2427 primitas
760 2357 867 2432 frugum
875 2357 909 2412 eb
919 2356 1044 2428 donaque
1053 2351 1109 2408 alia

187 2453 236 2509 pro
249 2435 329 2509 copia
341 2444 490 2508 portantes,
505 2431 591 2488 multo
602 2447 667 2486 auro
679 2444 838 2510 argentoque
849 2434 876 2490 id
886 2442 1045 2489 exornatum
1060 2429 1109 2485 ha·

188 2512 297 2569 bebant.
337 2511 391 2568 His
404 2511 531 2567 omnibus
545 2509 624 2565 donis
638 2519 695 2564 tum
714 2512 851 2582 spoliatum
865 2511 1015 2584 templum:
1045 2506 1108 2563 aeris

188 2590 287 2656 acervi,
299 2608 384 2663 quum
397 2590 497 2645 rudera
510 2587 611 2644 milites
623 2585 754 2661 religione
773 2589 878 2647 inducti
898 2589 1032 2664 jacerent,
1046 2595 1108 2660 post

186 2667 382 2741 prosectionem
392 2663 780 2740 Hannibalis‚magniinventi.
794 2667 885 2743 Hujus
892 2664 1030 2741 populatio
1038 2673 1106 2720 tem·

155 2745 224 2819 opti
237 2745 310 2800 haud
318 2744 402 2800 dubia
410 2743 480 2799 inter
489 2744 634 2816 scriptores
643 2751 692 2799 est.
732 2743 841 2811 Coeiius,
855 2742 975 2802 Romam
992 2749 1106 2798 euntem

188 2821 222 2878 ab
235 2821 319 2878 Ereto
332 2821 472 2876 divertisse
486 2819 518 2876 ed
532 2819 729 2890 Hannibalem,
742 2821 838 2878 tradit:
868 2821 970 2893 iterque
985 2818 1046 2892 ejus
1059 2815 1107 2870 ab·

186 2900 287 2966 Reate,
302 2897 475 2970 Cutiliisque,
489 2907 517 2952 et
537 2898 572 2952 ab
595 2897 739 2952 Amiterno
758 2897 872 2958 orditur:
904 2916 938 2952 ex
952 2889 1108 2967 CampauiA'

185 2977 214 3035 iu
228 2977 382 3046 Samnium,
397 2976 461 3031 inde
474 2975 503 3030 in
524 2974 653 3048 Pelignos
669 2976 838 3048 pervenisse;
868 2984 1017 3051 preterque
1030 2968 1110 3044 oppia

184 3056 251 3113 dum
278 3055 439 3112 Sulmonem
465 3054 493 3108 in
521 3051 696 3109 Marrucinos
725 3053 868 3123 transisse3
902 3052 966 3109 inde
988 3044 1104 3105 Albensi

151 3143 176 3192 ὦ
185 3152 251 3208 agro
264 3132 292 3189 iu
307 3133 423 3198 Marsos,
438 3131 503 3187 hinc
516 3130 701 3199 Amiternum,
713 3129 876 3207 Forulosque
887 3129 978 3186 vicum
987 3125 1102 3183 uenisse.

184 3211 284 3284 Neque
297 3211 334 3268 ibi
348 3229 422 3266 error
435 3221 484 3279 est,
498 3206 569 3282 quod
583 3207 651 3264 tanti
674 3208 817 3278 exercitiis·
832 3207 943 3282 vestigia
964 3206 1035 3262 intra
1046 3211 1110 3260 tam·

185 3287 274 3345 brevis
287 3289 336 3345 tevi
350 3287 509 3344 memoriam
523 3286 660 3360 potuerint
670 3285 819 3342 confundi:
839 3285 889 3342 isse
903 3284 978 3340 enim
990 3282 1026 3339 eb
1038 3297 1103 3337 cou-

185 3375 245 3423 stat.
284 3365 406 3428 Tantiirn
421 3365 448 3420 id
469 3365 590 3430 interest,
605 3364 746 3420 veneritne
765 3381 799 3421 eo
818 3361 914 3422 itinere
936 3362 970 3418 ad
989 3359 1101 3426 Urbem,

184 3461 221 3503 an
234 3444 268 3502 ab
281 3444 354 3504 Urbe
368 3444 397 3501 in
412 3440 593 3518 Campaniam
606 3441 725 3498 redierit.
