2622 4194
154 335 193 395 28
540 333 607 382 'utut
622 335 703 384 Iuvit

156 475 207 534 tiat
228 473 295 549 regi,
317 473 392 530 abire
413 474 545 532 Albanos.
562 499 567 510 ,
585 474 686 532 Tullus
706 475 786 531 inne
806 473 911 549 trepida
934 473 1081 531 duodecim

156 551 229 610 vovit
243 551 341 623 Salios,
355 551 472 625 fanaque
483 552 591 622 ,Pallori
613 571 647 608 ac
665 552 777 609 Pavori:
810 553 939 626 equitem,
953 552 1028 608 clara
1042 552 1082 608 in-

157 647 274 704 crepans
288 647 364 695 voce,
379 640 410 686 ut
423 631 513 686 hostes
526 631 697 701 exaudirent,
711 630 799 685 redire
809 630 837 685 in
850 629 975 703 proelium
986 629 1081 703 jubet3

157 705 266 763 “Nihil
280 706 460 780 trepidatione
473 726 542 780 opus
554 725 631 762 esse:
660 726 711 762 suo
722 707 800 781 jussu
813 706 984 762 circumduci
1000 707 1083 762 Alba-

157 785 254 840 “num
280 784 442 849 exercitum,
470 796 500 840 ut
520 784 695 840 Fidenatium
721 785 797 840 nuda
822 796 899 858 terga
924 781 1116 839 invadant.'’s

158 862 238 920 Idem
251 861 376 936 imperat,
391 872 421 918 ut
435 863 526 917 hastas
548 863 653 934 equites
673 862 778 936 erigere
790 861 893 935 jubeat.
933 861 966 916 Id
980 861 1084 916 facturn

158 957 269 1014 magna
296 939 372 1014 parti,
391 939 516 1012 peditum
542 940 732 995 Romanorum
753 948 933 1012 conspectum
958 938 1084 994 abeuntis

159 1016 263 1073 Albani
277 1015 414 1072 exercitiis
428 1016 599 1090 intersepsit:
619 1016 665 1089 qui
679 1017 811 1081 viderant,
832 1015 870 1080 id,
886 1015 958 1088 quod
972 1015 1007 1069 ab
1021 1033 1084 1088 rege

158 1093 284 1150 auditum
304 1105 371 1160 erat,
392 1093 453 1165 rati,
475 1095 508 1148 ed
529 1093 618 1149 acrids
637 1105 769 1166 pugnant.
816 1092 918 1148 Terror
939 1093 973 1147 ad
995 1093 1086 1148 hostes

159 1171 271 1228 transit:
302 1181 330 1227 et
343 1171 504 1226 audiverant
516 1171 591 1226 clarit
613 1189 678 1226 voce
699 1171 820 1237 dictum;
853 1181 881 1225 et
903 1187 1004 1243 magna
1023 1181 1117 1242 parsit

159 1247 346 1319 Fidenatium,
372 1260 403 1304 ut
425 1248 472 1321 qui
492 1249 582 1304 coloni
604 1247 688 1303 additi
709 1247 845 1303 Romanis
865 1257 966 1311 essent,
988 1245 1086 1302 Latine

160 1326 294 1383 sciebant.
334 1326 439 1398 Itaque,
454 1344 490 1380 ne
504 1326 593 1381 subito
607 1345 642 1380 ex
654 1325 770 1381 collibus
783 1326 901 1382 decursu
915 1323 1086 1379 Albanorum

160 1402 409 1460 intercluderentur
426 1403 460 1458 ab
482 1403 590 1476 oppido,
612 1414 689 1476 terga
709 1413 826 1458 vertunt.
866 1402 956 1457 Instat
975 1400 1086 1470 Tullus,

161 1481 276 1554 fusoque
290 1480 465 1536 Fidenatium
479 1498 574 1549 cornu,
589 1479 618 1535 in
634 1480 789 1554 Vejentern‚
814 1479 904 1534 alieno
916 1497 1015 1552 pavore
1028 1495 1088 1551 per·

161 1558 279 1624 culsum,
294 1557 409 1614 ferocior
424 1557 503 1613 redit.
544 1557 606 1612 Nec
628 1557 667 1612 illi
688 1556 777 1612 tulere
799 1556 950 1628 impetum,
984 1556 1032 1610 sed
1053 1555 1087 1610 ab
1098 1569 1120 1606 rs

162 1635 248 1692 effusi
269 1635 334 1708 fugi
356 1634 459 1689 flumen
481 1634 620 1707 objectum
643 1652 660 1688 a
682 1644 758 1706 tergo
776 1633 895 1688 arcebat.
935 1630 1003 1691 Qud
1017 1643 1089 1705 post·

161 1730 245 1785 quarn
258 1709 324 1784 suga
337 1710 488 1780 inclinavit,
510 1710 564 1778 alii,
588 1729 664 1764 arma
684 1709 755 1764 foedd
774 1710 918 1784 jactantes,
940 1708 968 1764 in
991 1727 1089 1781 aquam

163 1787 232 1846 coeci
254 1788 389 1855 ruebant3
423 1787 478 1852 alii,
503 1787 568 1842 dum
589 1797 755 1842 cunctantur
778 1788 807 1842 in
830 1785 905 1860 ripis,
926 1786 996 1841 inter
1017 1785 1089 1858 sugre

163 1883 318 1941 pugnaque
345 1864 491 1921 consilium
516 1864 646 1938 oppressi.
699 1863 764 1920 Non
790 1863 845 1941 alia
873 1863 935 1918 ante
962 1862 1091 1918 Romana
1136 1905 1139 1914 ,

165 1961 259 2020 pugna
272 1941 387 2001 atrocior
401 1941 460 1999 suit.
1099 1953 1123 1992 ao

204 2100 346 2157 XXVIII.
367 2099 443 2158 Tum
461 2100 584 2159 Albanus
597 2099 744 2172 exercitus,
768 2109 902 2176 spectator
924 2096 1090 2162 certaminis,

167 2178 302 2235 deductus
315 2180 345 2235 in
358 2197 477 2252 campos.
518 2179 622 2236 Mettus
643 2179 727 2236 Tullo
749 2180 870 2235 devictos
891 2178 982 2232 hostes
1002 2183 1092 2248 gratu-

166 2255 254 2313 latur:
287 2257 382 2313 contri
403 2257 503 2314 Tullus
525 2256 644 2313 Mettum
670 2257 788 2331 benigne
816 2254 967 2326 alloquitur.
1006 2250 1092 2310 Quod

169 2333 239 2390 bene
253 2345 349 2406 vertat,
363 2345 454 2392 castra
467 2335 590 2390 Albanos
603 2333 739 2390 Romanis
755 2332 850 2388 castris
871 2331 987 2403 jungere
999 2327 1092 2402 jubet:

169 2412 335 2467 sacrificium
357 2411 467 2466 lustrale
487 2412 516 2465 in
542 2406 615 2464 diem
636 2420 773 2482 posterum
795 2418 881 2481 parat.
920 2405 974 2461 Ubi
996 2404 1127 2470 ittonae

168 2489 270 2560 paratis
282 2487 420 2557 omnibus,
434 2497 464 2541 ut
482 2485 589 2551 assolet,
613 2488 703 2541 vocari
725 2486 759 2540 ad
773 2485 936 2540 concionem
951 2493 1095 2554 utrumque

168 2564 322 2623 exercitum
340 2563 426 2638 jubet.
466 2563 622 2633 Praecones,
646 2563 681 2617 ab
701 2574 823 2618 extremo
841 2562 907 2632 orsi,
928 2561 1029 2634 primos
1050 2577 1096 2614 ex·

170 2639 260 2697 cinere
275 2640 414 2697 Albanos:
435 2640 473 2711 hi,
486 2640 605 2696 novitate
628 2640 711 2698 etiam
732 2640 770 2696 rei
792 2640 867 2710 moti,
888 2649 919 2694 ut
932 2656 1025 2712 regem
1038 2636 1097 2692 Ro-

173 2735 287 2774 manum
308 2718 520 2774 concionantem
541 2717 676 2788 audirent,
702 2716 819 2792 proximi
846 2716 1004 2782 constitere.
1054 2713 1097 2768 Ex

172 2796 322 2871 composito
331 2806 434 2851 armata
447 2795 633 2851 circumdatur
643 2795 871 2870 Romanalegio:
892 2790 1098 2866 centurionibus
1107 2799 1130 2839 ³⁰

173 2874 268 2932 datum
281 2873 423 2948 negotium
435 2883 503 2936 erat,
518 2882 548 2928 ut
562 2873 621 2928 sinc
642 2875 717 2929 mori
739 2871 854 2946 imperia
874 2879 1098 2943 exsequerentur.

173 2950 250 3009 Tum
264 2953 303 3008 ita
314 2951 415 3007 Tullus
428 2949 503 3006 infit:
543 2951 561 2984 “
573 2949 704 3021 Romani,
718 2950 741 3006 si
755 2967 874 3022 unquam
889 2948 951 3003 ante
966 2945 1031 3001 aliis
1044 2944 1100 2999 ullo

173 3029 233 3085 “in
247 3029 318 3084 bello
331 3027 390 3097 tuit,
404 3025 475 3102 quiid
489 3028 608 3101 primdm
628 3027 690 3082 Diis
711 3026 908 3084 immortalibus
924 3022 1024 3097 gratias
1038 3021 1101 3093 age'·

175 3105 278 3175 “retis,
300 3104 400 3162 deinde
418 3116 517 3161 ,vestrae
538 3105 658 3179 ipsorum
678 3104 780 3170 virtuti,
802 3104 960 3158 hesternum
982 3097 1009 3154 id
1030 3114 1101 3171 proe·

175 3183 273 3240 “lium
286 3181 346 3238 tuit.
386 3182 556 3239 Dimicatum
569 3192 611 3238 est
624 3181 708 3249 enim,
731 3199 787 3237 non
801 3180 888 3254 magis
901 3197 965 3234 cum
979 3175 1101 3232 hostibus
1110 3183 1134 3223 ³⁵

176 3263 195 3297 “
206 3261 291 3336 quiam
305 3258 380 3336 (quaa
401 3259 542 3316 dimicatio
564 3259 649 3333 major
671 3269 751 3331 atque
774 3256 950 3332 periculosior
964 3255 1018 3330 est)
1037 3270 1103 3308 cum

176 3343 196 3376 “
206 3337 359 3415 proditione
373 3355 406 3393 ac
419 3336 533 3411 perfidi&
546 3337 690 3393 sociorum.
724 3335 807 3404 Nam,
822 3353 857 3390 ne
872 3353 919 3390 vos
931 3331 999 3388 salsa
1011 3329 1104 3403 opinio

177 3419 196 3454 “
207 3426 310 3482 teneat,
324 3413 429 3488 injussu
443 3433 504 3470 meo
527 3414 630 3470 Albani
652 3413 760 3469 subiere
781 3413 817 3469 ad
831 3421 955 3469 montes:
988 3425 1042 3478 nec
1055 3406 1108 3463 im·

179 3494 316 3568 “perium
336 3491 404 3548 illud
427 3509 528 3558 meum,
550 3491 599 3546 sed
621 3491 768 3547 consilium
790 3499 818 3547 et
839 3487 946 3564 imperii
969 3483 1108 3542 simulatio

179 3574 198 3610 ‘⁸
210 3571 280 3638 suit3
300 3580 331 3626 ut
343 3587 407 3639 uec,
420 3567 496 3626 vobis
509 3568 698 3643 ignorantibus
719 3568 808 3624 deseri
830 3585 887 3632 vos,
910 3574 1076 3621 averteretur
1090 3569 1138 3617 affl
1182 3611 1188 3626 ,

180 3647 360 3706 “certamine
381 3644 507 3714 animus3
540 3655 568 3702 et
587 3645 720 3712 hostibus,
744 3641 936 3702 circumveniri
958 3661 987 3699 se
1002 3651 1107 3712 atergo

180 3725 286 3796 “ratis,
306 3734 392 3786 terror
415 3740 449 3778 ac
472 3720 538 3798 luga
560 3721 728 3797 injiceretur.
778 3721 842 3780 Nec
862 3739 896 3778 ea
916 3721 1006 3797 culpa,
1027 3733 1107 3792 quam
