2638 4206
161 319 224 378 126,
560 316 627 370 ΤΙΤΙ
644 316 726 368 LlVll

157 457 246 522 deluit
266 468 382 527 auctm3
415 469 516 516 cetera
542 460 640 517 eodem
670 460 767 518 ordine
794 458 946 532 eodemque
978 455 1095 514 fortune

157 546 257 592 eventu
270 547 366 610 gesta:
399 537 464 610 quin
489 537 583 603 etiarn,
605 538 723 594 ducibus
744 536 867 612 captivis,
880 534 928 608 qui
941 535 1013 591 credi
1028 554 1094 592 noc·

157 621 244 668 tumre
264 614 465 686 superfuerant,
487 615 521 670 ad
545 615 627 672 uliam
651 634 764 672 manum
787 613 944 670 Tuscorum
965 613 1000 668 ad
1023 613 1093 670 Sali-

155 706 207 745 nas
220 690 342 762 profecti,
358 703 439 748 nocte
453 692 609 766 insequenti
633 712 668 750 err
682 692 827 766 improviso
841 688 970 765 majorem
985 690 1090 748 caedem

155 767 267 824 edidere
275 787 282 836 ;
303 768 461 844 duplicique
476 770 591 826 victoria
603 783 715 828 ovantes
730 769 815 844 Vejos
827 768 952 825 redeunt.
1112 780 1126 818 ⁵

192 923 299 980 XLVI.
321 924 420 982 Rome
431 925 709 1001 interimplerurnque
719 925 826 983 obsidio
840 925 944 1000 segnia,
957 934 985 980 et
998 924 1092 982 utrim-

153 1019 206 1073 que
219 1001 359 1058 silentium
380 1022 456 1060 esse:
487 1005 565 1061 adid
588 1003 696 1062 tantum
719 1004 833 1060 intentis
853 1002 951 1074 Gallis,
973 1003 1093 1076 nequis

153 1077 272 1138 hostium
286 1081 403 1138 eradere
417 1081 488 1138 inter
509 1081 640 1140 stationes
653 1093 744 1156 posset
752 1101 759 1150 ;
790 1099 874 1154 quum
889 1079 1000 1155 repente
1012 1080 1090 1154 juve·

152 1155 197 1212 nis
210 1157 359 1215 Romanus
381 1159 562 1216 admiratione
577 1159 605 1216 in
628 1179 658 1216 se
681 1160 757 1216 cives
777 1159 923 1230 hostesque
945 1157 1089 1214 convertit.

152 1233 329 1292 Sacrificium
343 1248 402 1292 erat
415 1247 516 1294 statum
531 1237 558 1294 in
581 1237 722 1300 Quirinali
737 1236 807 1293 colle
820 1235 897 1310 genti
912 1231 1024 1290 Fabiae:
1055 1235 1124 1290 ad1o

151 1310 181 1366 id
194 1311 354 1370 laciendum
368 1313 401 1370 C.
416 1313 520 1371 Fabius
533 1315 633 1386 Dorso,
654 1315 764 1370 Gabino
786 1314 893 1378 cinctu,
911 1331 990 1368 sacra
1004 1313 1091 1370 mani·

151 1386 204 1444 bus
216 1408 326 1463 gerens,
340 1410 425 1464 quurn
439 1392 474 1448 de
489 1392 625 1465 Capitolio
639 1391 837 1462 descendisset,
853 1409 900 1464 per
911 1391 1016 1446 medias
1031 1391 1090 1447 hos·

150 1465 221 1522 tiurn
235 1469 366 1526 stationes
379 1488 516 1541 egressus,
528 1470 597 1526 nihil
611 1471 646 1526 ad
660 1488 756 1526 vocem
770 1469 931 1544 cujusquam
946 1478 1088 1524 terrorem·

150 1561 184 1601 ve
199 1555 297 1617 motus,
311 1546 341 1606 in
353 1546 531 1606 Quirinalem
552 1548 652 1604 collem
676 1547 816 1621 pervenit:
850 1545 942 1618 ibique
960 1545 1088 1601 omnibus

151 1621 302 1680 solenniter
314 1625 443 1698 peractis,
457 1626 554 1680 eidem
568 1636 709 1682 revertens
722 1623 848 1680 similiter
860 1623 998 1680 constanti
1013 1623 1088 1680 vultu
1098 1640 1123 1678 15
1205 1671 1207 1680 r

150 1700 301 1773 graduque,
316 1702 382 1757 satis
396 1721 508 1775 sperans
522 1703 652 1776 propitios
664 1721 725 1758 esse
746 1700 831 1770 Deos,
854 1719 969 1775 quorum
984 1700 1088 1759 cultum

150 1793 187 1832 ne
201 1777 295 1834 mortis
307 1778 420 1851 quidem
435 1791 510 1836 metu
524 1780 676 1853 prohibitus
690 1779 865 1844 deseruisset,
881 1778 909 1834 in
921 1778 1089 1852 Capitolium

150 1853 186 1910 ad
200 1873 264 1911 suos
277 1856 367 1922 rediit,
382 1875 431 1912 seu
445 1857 568 1914 attonitis
581 1857 669 1915 Gallis
688 1855 822 1914 miraculo
835 1855 970 1924 audacie,
984 1875 1034 1912 seu
1048 1875 1089 1912 re·

149 1930 254 2006 ligione
268 1934 352 1990 etiarn
366 1935 456 2004 motis,
467 1936 548 2008 cujus
571 1935 781 2008 haudquaquam
795 1933 941 2008 negligens
953 1945 996 1989 est
1009 1952 1087 2008 gens.

150 2007 229 2084 Vejis
243 2010 353 2069 interim
377 2031 433 2068 non
457 2012 543 2068 animi
564 2015 670 2068 tantum
691 2012 719 2069 in
741 2011 809 2080 dies,
832 2011 880 2067 sed
904 2011 987 2068 etiarn
1008 2010 1122 2085 vireas)

149 2089 332 2154 crescebantr
353 2108 407 2146 nec
421 2090 557 2146 Romanis
570 2088 659 2146 solrim
673 2088 707 2146 ed
719 2089 949 2146 convenientibus
957 2109 992 2145 ex
1006 2089 1088 2164 agris,

149 2164 196 2236 qui
215 2183 232 2222 a
251 2166 350 2239 praelio
370 2167 484 2224 adverso
498 2177 546 2224 aut
560 2167 639 2224 clade
660 2177 748 2241 capta
769 2167 844 2223 urbis
863 2167 947 2240 palati
968 2167 1086 2239 sueram,

149 2242 295 2300 sedetiam
309 2263 343 2300 err
358 2243 438 2302 Latio
451 2244 610 2302 voluntariis
618 2245 832 2313 confluentibus,
848 2246 915 2302 utin
929 2255 1006 2320 parte
1019 2264 1088 2319 prae-

149 2319 192 2376 dae
205 2333 306 2379 esseut.
348 2321 487 2380 blaturum
506 2323 563 2398 jam
585 2323 736 2392 videbatur,
755 2322 841 2396 repeti
862 2323 987 2396 patriam,
1008 2321 1088 2398 eripi-

148 2415 202 2470 que
216 2417 251 2454 ex
264 2400 383 2456 hostiurn
405 2401 552 2468 manibus3
582 2401 631 2456 sed
645 2402 752 2474 corpori
770 2400 860 2456 valido
880 2411 964 2474 caput
984 2400 1121 2458 decretas

149 2473 243 2532 Iocus
258 2477 315 2549 ipse
330 2478 496 2533 admonebat
509 2478 629 2548 Camilli,
644 2490 672 2534 et
692 2496 793 2552 magna
807 2496 870 2551 pars
887 2479 1005 2536 militum
1019 2489 1086 2549 erat,

148 2553 196 2625 qui
209 2553 295 2609 ductu
308 2555 486 2628 auspicioque
500 2556 560 2630 ejus
573 2575 617 2612 res
630 2557 758 2630 prospere
772 2569 932 2629 gesserant:
954 2569 982 2613 et
996 2557 1088 2613 Caedi·
1143 2594 1145 2597 —

148 2631 210 2688 cius
225 2649 335 2706 negare,
350 2651 380 2687 se
393 2633 614 2701 commissurum,
630 2653 679 2691 cur
701 2633 753 2690 sibi
777 2643 825 2690 aut
838 2633 961 2691 Deorum
975 2644 1022 2691 aut
1041 2633 1087 2690 bo·
1133 2687 1135 2691 s

148 2707 255 2766 minum
268 2709 411 2783 quisquam
425 2711 571 2784 imperium
586 2711 677 2767 liniret
694 2710 796 2784 potius,
811 2709 968 2786 qudmipse
982 2729 1085 2767 memor

147 2787 252 2844 ordinis
265 2788 307 2844 sui
322 2799 447 2861 posceret
457 2789 658 2862 imperatorem.
680 2788 826 2845 Consensu
836 2788 962 2846 omnium
972 2789 1118 2864 placuit,ou

148 2864 183 2920 ab
196 2866 290 2922 Ardea
304 2866 452 2922 Camillum
467 2866 552 2922 acciri
565 2886 573 2935 ;
600 2867 649 2922 sed
670 2876 753 2924 antea
773 2867 899 2924 consulto
918 2877 1025 2938 senatu,
1038 2867 1085 2940 qui

147 2935 248 3000 Rome
274 2956 363 3000 esset:
396 2942 471 3000 adeo
486 2945 600 3018 regebat
625 2944 720 3001 omnia
746 2945 844 3018 pudor,
869 2943 1085 3016 discriminaque

148 3037 239 3076 rerum
259 3025 342 3096 prope
363 3021 476 3096 perditis
505 3023 588 3079 rebus
616 3022 769 3080 servabant.
822 3021 934 3097 Ingenti
961 3019 1086 3094 periculo

147 3099 345 3154 transcundum
359 3118 407 3173 per
429 3100 550 3156 hostium
563 3100 703 3158 custodias
715 3109 790 3155 erat:
819 3098 853 3154 ad
867 3116 929 3154 eam
939 3116 998 3154 rem
1012 3096 1085 3154 Pon·

148 3173 203 3230 tius
216 3174 370 3240 Cominius,
386 3177 502 3252 impiger
519 3178 638 3252 juvenis,
660 3196 772 3250 operam
786 3175 932 3252 pollicitus,
946 3173 1118 3233 incubansae

125 3317 127 3324 ,
148 3250 254 3320 cortici,
269 3255 392 3310 secundo
405 3255 505 3312 Tiberi
518 3256 553 3311 ad
567 3256 663 3312 urbem
677 3255 814 3313 defertur:
840 3253 916 3326 inde,
929 3254 982 3329 qud
994 3252 1085 3327 proxi·

148 3348 224 3388 mum
240 3329 290 3386 luit
304 3349 321 3386 a
334 3330 402 3406 ripa,
416 3351 464 3406 per
477 3343 652 3408 prereptum,
675 3330 763 3406 eoque
786 3332 944 3406 neglectum
962 3331 1084 3390 hostium

148 3407 289 3479 custodiar,
304 3427 399 3466 aarum
421 3411 449 3466 in
474 3411 640 3484 Capitolium
660 3411 771 3478 evadit;
804 3423 832 3468 et
852 3409 887 3466 ad
908 3409 1084 3485 magistratus
1104 3429 1107 3435 ’

149 3485 258 3556 ductus,
272 3487 402 3544 mandata
415 3488 551 3546 exercitus
564 3488 629 3546 edit
671 3488 798 3563 Accepto
819 3486 883 3545 inde
906 3489 1017 3544 senatus
1036 3487 1084 3545 de·

149 3574 235 3633 creto,
261 3575 292 3622 ut
316 3576 353 3634 et,
380 3566 499 3622 comitiis
525 3566 639 3624 curiatis
659 3577 803 3624 revocatus
824 3567 858 3622 de
879 3563 985 3638 exsilio,
1003 3565 1118 3641 jussura

149 3641 241 3776 pqpnli
255 3642 392 3708 Camillus
402 3642 522 3704 dictator
538 3643 675 3719 extemplo
696 3643 843 3713 diceretur,
867 3643 1021 3718 militesque
1036 3644 1084 3700 ha·

185 3729 247 3778 reut
260 3719 460 3794 imperatorem,
473 3739 557 3794 quem
565 3722 685 3792 vellent3
706 3723 803 3782 eadem
814 3721 961 3798 degressus
969 3720 1084 3780 nuntius
