2622 4194
134 359 136 366 ν
163 346 202 409 aa
541 343 608 394 ιιιι
624 343 709 394 ιιιιι

163 485 256 546 “Hac
281 485 420 556 tramam
446 495 568 544 rentiam
594 485 665 542 fame
685 486 800 544 domare
815 486 924 559 vellent,
947 487 1006 563 ipsa
1029 487 1087 548 una

163 563 315 622 “membra
333 573 473 639 totumque
503 583 601 637 corpus
628 565 662 620 ad
683 575 831 622 extremam
857 567 948 622 tabem
969 566 1086 624 venisse:

163 641 262 716 “Inde
276 642 441 716 apparuisse,
455 642 557 698 ventris
576 661 683 716 quoque
704 643 776 698 haud
796 661 880 717 segne
901 643 1087 701 midisteriunr

161 724 180 757 ‘⁴
191 737 268 776 esser
288 739 341 776 uec
354 721 441 794 magis
454 720 501 791 ali,
518 720 601 793 quam
624 721 696 776 olere
719 738 792 789 eum,
805 722 966 778 reddentem
980 722 1008 778 in
1027 741 1087 778 ome

161 801 239 854 “nes
252 797 372 872 corpmis
384 807 474 872 partes
493 799 577 863 hunc,
600 815 654 870 quo
674 797 788 854 vivimus
811 797 1001 872 vigemusque,
1017 800 1118 861 ditias

160 876 249 932 “sum
275 876 376 949 pariter
406 876 435 932 iu
463 894 546 932 venas
566 887 713 940 maturum,
734 875 861 932 coniecto
881 876 953 948 cibo,
973 877 1084 951 sangui-

160 955 178 990 “
189 953 283 1010 uem.”
323 953 515 1027 Comparaudo
526 953 698 1026 hinc‚.qudm
712 953 842 1008 intestina
852 955 973 1027 corporis
986 955 1088 1012 seditio

159 1030 255 1086 similis
267 1042 341 1089 esset
352 1031 399 1088 irae
412 1031 499 1105 plebis
512 1031 541 1088 in
562 1031 666 1105 Patres,
687 1029 794 1086 flexisse
815 1045 921 1086 mentes
934 1033 1088 1089 homiuum

197 1187 343 1246 XXXIII
364 1186 419 1261 Ασι
433 1187 534 1242 deinde
548 1187 582 1242 de
596 1186 743 1246 concordia
752 1195 888 1259 coeptum
909 1205 1083 1244 concessum·
1073 1219 1117 1271 -ς

158 1265 258 1339 quein
278 1264 457 1334 conditiones,
481 1280 512 1320 ut
533 1264 606 1338 plebi
629 1265 670 1320 sui
690 1265 864 1337 magistratus
883 1275 974 1320 essent
993 1245 1118 1349 sacro-⁰15,

158 1343 256 1414 sancti,
270 1343 368 1417 quibus
382 1311 477 1399 auxilii
491 1342 557 1398 latio
565 1342 697 1398 adversus
708 1341 836 1398 consules
849 1353 937 1399 esset:
957 1361 1026 1398 neve
1037 1344 1082 1399 cui
1097 1339 1116 1431 'pq

158 1419 269 1478 Patrum
283 1438 381 1494 capere
394 1439 458 1476 eum
472 1420 660 1494 magistratum
679 1419 782 1476 liceret.
824 1419 868 1476 lta
878 1420 989 1476 tribuni
993 1413 1117 1500 plebei

158 1498 243 1555 creati
258 1499 322 1564 duo,
337 1497 369 1553 G.
384 1497 510 1554 Licinius
522 1507 550 1554 et
563 1497 595 1552 In
610 1497 737 1552 Albinus.
777 1497 816 1552 Hi
830 1508 885 1553 tres
898 1497 1018 1571 collegas
1030 1498 1110 1582 sibig

158 1586 327 1632 creaverunt.
367 1574 402 1632 In
424 1575 467 1630 his
490 1575 626 1632 Sicinium
647 1575 738 1643 fuisse,
761 1574 902 1630 seditionis
921 1558 1115 1662 ιιιιοιοιοιιιςὲ

158 1653 193 1709 de
206 1653 322 1719 duobus,
336 1673 382 1726 qm
375 1652 506 1722 suerint,
520 1653 615 1708 minus
628 1651 764 1708 convenit.
798 1653 870 1707 Sunt
883 1671 928 1724 qur
921 1652 1010 1708 duos
1023 1663 1117 1719 tan-3

157 1730 240 1786 tunt
233 1749 262 1785 ιιι
277 1731 362 1786 Sacro
375 1740 467 1786 monte
480 1740 586 1786 creatos
609 1730 731 1786 tribunos
744 1746 805 1784 esse
818 1729 921 1796 dicant,
931 1728 1027 1802 ibique
1041 1749 1082 1786 sa·

158 1819 260 1866 oratam
274 1806 364 1882 legem
377 1807 468 1866 latam.
509 1846 628 1863 .....

164 1937 337 2025 XXXIV.
370 1967 504 2024 Consules
524 1968 624 2024 deiude
645 1967 681 2024 ’.Γ
703 1967 854 2055 Geganius,
876 1966 906 2023 P.
929 1965 1109 2037 Minucius:

158 2044 231 2102 lacti.
271 2046 313 2102 Eo
327 2063 407 2114 anno,
421 2063 505 2118 quum
518 2056 546 2100 et
560 2046 629 2102 foris
636 2045 729 2118 quieta
748 2045 840 2100 omnia
857 2063 873 2100 a
896 2044 968 2100 bello
980 2055 1080 2115 essent,
1095 2067 1110 2109 ,o

152 2121 185 2180 'et
197 2123 277 2180 domi
291 2133 386 2180 sanata
399 2090 545 2193 discordia,
565 2123 638 2178 aliud
659 2121 744 2178 multo
763 2123 872 2196 gravius
892 2122 994 2178 malum
1017 2122 1082 2178 ciri·
1096 2126 1108 2214 t·

156 2210 240 2260 tatem
253 2201 368 2258 invasit:
397 2200 496 2256 caritas
519 2199 634 2274 primiim
656 2217 782 2265 annonas,
803 2218 838 2254 ex
850 2199 960 2255 incultis
974 2218 1021 2273 per
1040 2217 1082 2256 se·
1118 2193 1122 2202 ²

156 2279 310 2336 cessionem
329 2277 469 2353 plebis
437 2277 524 2346 acris3
546 2277 631 2333 sames
651 2277 761 2342 deinde,
782 2276 871 2349 qualis
883 2277 982 2332 clausis
996 2266 1109 2352 solet:{

156 2367 321 2431 ventumque
335 2356 390 2414 ad
383 2356 524 2413 interitum
542 2356 711 2411 servitiorum
732 2354 825 2426 utique
845 2363 872 2409 et
894 2354 982 2428 plebis
1000 2327 1114 2433 esset}

156 2453 185 2490 ιιι
178 2435 326 2492 consules
338 2434 527 2508 providissent,
542 2432 660 2487 dimissis
680 2431 781 2504 passim
805 2431 839 2486 ad
857 2428 1023 2488 frumentum
1037 2409 1114 2492 con?

156 2512 313 2568 emendum.
354 2550 389 2566 ..
438 2509 535 2564 ...M
557 2508 685 2564 Minucio
703 2508 804 2564 deinde
825 2518 853 2564 et
868 2509 904 2565 A
920 2510 1113 2598 Semproniog

156 2588 326 2660 consulibus,
344 2549 447 2662 magnai
466 2586 506 2642 vis
527 2586 656 2642 frumenti
675 2605 710 2641 ex
724 2586 820 2642 Sicilia
833 2587 965 2643 advecta.
996 2587 1108 2673 agita-Jo

155 2675 267 2741 tumque
281 2666 309 2722 in
324 2675 420 2722 senatu
424 2664 540 2738 ,quanti
553 2663 624 2738 plebi
639 2664 757 2720 daretur.
797 2663 877 2720 Multi
888 2665 994 2720 venisse
1014 2675 1081 2721 tem·
1070 2661 1115 2764 ‘ii

121 2793 125 2800 .
154 2761 206 2819 pus
228 2744 386 2818 premeudae
405 2711 493 2817 piebis
511 2743 654 2816 putabant,
677 2742 938 2830 recuperandique
928 2761 998 2816 Jura,
1018 2761 1100 2815 quae·

154 2832 259 2880 extorta
272 2821 427 2878 secessione
441 2839 474 2876 ac
488 2839 513 2876 vr
506 2819 653 2876 Patribus
663 2830 762 2874 essent.
803 2819 836 2874 In
850 2820 943 2893 primis
958 2819 1106 2876 Marcius.

154 2899 326 2966 Coriolanus,
341 2899 426 2956 hostis
446 2897 599 2954 tribuniciae
620 2897 769 2986 potestatis,
789 2901 808 2934 “
817 2898 847 2953 Si
861 2917 1013 2967 anrionams
1009 2897 1046 2924 ¹¹
1039 2917 1099 2954 ιιι·
1094 2893 1107 2935 ·“

154 2978 221 3052 quit,
237 2983 255 3015 ‘⁵
264 2988 383 3034 veterem
397 2975 521 3040 volunt,
511 2995 557 3049 Jus
570 2975 714 3049 pristinum
727 2975 843 3030 reddant
856 2974 990 3030 Patribus.
1021 2975 1079 3030 Cur
1093 2953 1113 3038 j&

155 3060 234 3128 “ego
254 3055 374 3142 plebejos
395 3053 578 3128 magistratus,
606 3072 655 3108 cur
676 3052 817 3108 Sicinium·
831 3063 969 3126 potentem
989 3043 1112 3118 video,

88 3123 94 3142 ‘
154 3131 271 3188 “sub
262 3150 359 3206 jugum
389 3132 497 3196 missus,
527 3141 665 3202 tamquam
694 3129 879 3186 alatronibus
898 3129 1082 3202 redemptusl

153 3208 275 3284 “Egone
291 3209 339 3266 lras
351 3209 530 3284 indignitates
543 3207 646 3264 diutins
668 3206 765 3280 patiar,
788 3225 869 3280 quem
883 3223 997 3264 neeesse
1009 3215 1075 3262 est.
1065 3207 1076 3246 l

154 3285 366 3360 “Tarquinium
379 3305 472 3362 regem
485 3285 531 3360 qui
546 3304 601 3342 non
615 3284 732 3354 tulerim,
748 3283 882 3340 Sicinium
896 3284 1001 3340 seram?
1028 3284 1080 3340 Se·
1086 3303 1115 3342 aa

154 3365 264 3423 “cedat
276 3383 370 3433 nunc
391 3374 486 3421 avocet
499 3363 627 3437 plebem·
645 3370 720 3435 patet
729 3379 809 3418 viam
821 3362 936 3418 Sacrum
947 3370 1082 3431 montem,

155 3447 173 3482 “
182 3444 302 3516 aliosque
315 3408 408 3499 colles.
441 3441 566 3515 Rapiant
578 3440 716 3496 frumenta
729 3457 764 3496 ex
777 3439 851 3514 agris
862 3439 969 3506 nostris,
983 3457 1078 3512 quem·

154 3521 331 3578 “admodum
351 3519 431 3576 tertio
450 3537 523 3577 anno
543 3519 665 3592 rapuere.
713 3516 830 3576 Utantur
852 3535 971 3584 annona,
995 3535 1093 3606 quam

59 3627 99 3656 ·.
154 3602 173 3636 ‘⁸
182 3598 273 3656 surore
286 3617 335 3655 suo
348 3597 447 3655 fecere.
488 3596 588 3654 Audeo
601 3595 703 3660 dicere,
717 3595 770 3652 hoc
784 3593 854 3652 malo
864 3594 1012 3661 domitos,
1004 3613 1081 3670 ipsos

154 3675 276 3750 “potrus
288 3676 406 3734 caltores
419 3693 545 3749 agrorum
559 3673 626 3744 sore,
639 3691 720 3747 quam
734 3683 765 3730 ut
777 3672 873 3729 armati
885 3691 934 3746 per
947 3674 1077 3730 secessio·
1085 3689 1113 3730 to

155 3759 247 3812 “nem
260 3753 313 3812 coli
326 3751 496 3829 prohibeant.
498 3753 514 3780 ''
555 3749 639 3808 Haud
653 3761 708 3808 tam
722 3748 803 3824 facile
822 3749 898 3808 dictu
911 3763 963 3826 est,
977 3749 1092 3809 lacien-
