2622 4194
141 347 143 354 '
178 363 216 432 pq
563 358 631 416 τιτι
646 357 729 416 urat
802 329 807 336 ¹

178 502 362 572 audiebatur3
381 500 533 576 pulvisque,
546 519 583 559 ex
595 501 760 566 distantibus
772 501 841 564 locis
852 513 938 593 crtus.
949 503 1115 565 relutnube

178 580 295 646 inductui
307 580 401 638 omnia
413 579 591 654 impleveratt
622 581 729 655 raptim,
753 581 852 656 quibus
863 583 979 657 quisque
991 595 1106 674 poteret,

176 658 267 731 elatis,
281 677 365 734 quum
378 657 464 716 larem
478 668 634 732 capenates
644 669 781 733 tectoque,
796 659 824 718 iu
838 661 936 733 qulbus
944 671 1025 718 natus
1034 663 1107 736 quis·

177 755 230 810 que
244 736 432 826 educatusque
446 747 528 808 esset,
548 737 735 812 relinquentes
756 737 871 805 exirent,
890 738 947 813 jam
960 739 1107 797 continens

175 833 277 890 agmen
291 814 468 904 migrantium
483 813 680 888 impleverat'
656 833 731 884 vras;
762 824 790 875 et
813 828 978 890 conspectus
991 814 1106 875 aliorum
1126 839 1139 878 r

176 892 274 949 mutud
294 892 469 950 miseratione
495 892 651 967 integrabat
675 857 830 968 laciymas:
863 912 997 992 trucesque
1022 897 1106 954 etiam

121 1035 122 1038 J
175 970 349 1028 miserabiles
360 970 596 1042 succumbamus,
625 971 772 1029 mulierum
793 973 942 1046 precipue,
963 993 1046 1046 quum
1060 975 1107 1032 ob·

174 1067 252 1106 sessa
265 1049 301 1106 ab
314 1049 425 1106 armatis
439 1048 541 1122 templa
554 1059 671 1124 augusta
684 1049 866 1123 praeterirent,
880 1068 913 1106 ac
926 1050 1000 1108 velut
1012 1063 1107 1126 captos

173 1127 362 1201 relinquerent
395 1127 479 1184 Deos
532 1126 659 1202 Egressis
685 1127 781 1184 urbem
808 1127 935 1200 Albanis,
962 1128 1107 1187 Romanus

125 1255 128 1262 ,
173 1205 277 1280 passim
290 1205 402 1279 publica
415 1205 573 1278 privataque
588 1205 683 1262 omnia
703 1215 777 1262 tecta
797 1206 1010 1281 adaequatso103
1038 1209 1140 1267 und-m

172 1301 227 1356 que
241 1283 314 1340 hort
321 1283 584 1357 quadringentorum
599 1302 734 1340 annorum
754 1303 831 1358 opus,
855 1285 954 1358 quibus
968 1284 1041 1340 Alba
1054 1296 1107 1343 ste-

173 1369 253 1432 terat,
267 1361 392 1418 exscidia
405 1379 438 1418 ao
452 1361 539 1417 ruinis
555 1361 640 1418 dedit.
681 1361 807 1436 Templis
828 1372 922 1421 tamen
942 1361 1034 1419 Dedru
1055 1363 1106 1441 (ita

172 1439 249 1496 enim
262 1439 387 1509 edictum
400 1439 435 1494 ab
449 1457 514 1514 rege
528 1438 631 1516 fuerat)
644 1449 827 1515 temperatum
841 1450 890 1498 est

210 1596 309 1654 XXX.
338 1597 432 1654 Roma
452 1596 563 1654 interim
584 1597 685 1654 crescit
706 1596 788 1654 Albae
814 1595 918 1654 ruinis:
952 1598 1106 1674 duplicatur

172 1675 276 1732 civium
289 1693 430 1732 numerus.
470 1675 576 1732 Coelius
597 1675 706 1732 additur
728 1673 789 1730 urbi
803 1692 898 1743 muns;
928 1686 965 1742 et,
987 1694 1041 1749 quo
1054 1677 1140 1738 ste-rs

172 1751 301 1827 quentids
314 1753 492 1824 habitaretur,
506 1771 568 1808 eam
583 1753 678 1812 sedern
699 1751 801 1808 Tullus
816 1753 901 1826 regiae
915 1753 999 1827 capit,
1013 1754 1105 1830 ibique

172 1829 312 1888 habitavit.
352 1830 497 1906 Principes
518 1829 719 1888 Albanorum
712 1849 741 1886 tn
762 1829 867 1902 Patres,
889 1841 919 1887 ut
944 1849 978 1886 ea
998 1850 1105 1906 quoque

171 1927 236 1983 pars
249 1907 409 1984 reipublice
423 1919 571 1975 cresceret,
593 1909 661 1984 legit
674 1906 792 1979 Tullios,
807 1875 947 1976 Suillius,
960 1908 1104 1978 Quintius,

171 1986 322 2063 Geganius,
336 1987 485 2056 Curiatios,
499 1985 628 2054 Cloelios3
650 1985 836 2059 templumque
844 1983 934 2043 ordnn
948 1986 983 2042 ab
996 2006 1026 2043 se
1040 2007 1105 2045 auc·

172 2075 200 2122 to
220 2065 326 2122 curiam
347 2065 422 2131 fecit,
443 2083 505 2138 quur
527 2027 646 2120 Hostilia
665 2082 753 2138 usque
773 2063 808 2119 ad
829 2074 936 2138 patrum
950 2079 1140 2126 nostrorumuc

173 2152 282 2198 aetatem
296 2143 430 2217 appellata
443 2152 501 2199 est:
522 2150 559 2214 et,
568 2151 598 2199 ut
611 2142 736 2200 omnium
748 2141 875 2198 ordinum
885 2142 987 2199 viribus
1001 2143 1103 2218 aliquid

171 2237 207 2276 ex
220 2238 291 2277 novo
303 2219 405 2294 populo
417 2188 589 2295 adjiceretbr,
611 2221 734 2294 equitum
756 2219 854 2276 decem
875 2231 990 2276 turmas
999 2239 1034 2278 ex
1055 2223 1137 2287 Al-zt

172 2297 252 2356 benis
260 2297 334 2374 legit
363 2297 501 2374 Legiones
509 2308 537 2355 et
545 2309 651 2356 veteres
659 2299 756 2356 eodem
770 2297 960 2370 supplemento
974 2291 1131 2374 explenti

171 2387 200 2442 ct
214 2377 428 2451 novassoripsit.
469 2376 533 2432 Hac
553 2375 656 2433 fiducia
677 2375 777 2432 virium
798 2373 901 2431 Tullus
922 2376 1033 2434 Sabinis
1047 2378 1138 2434 bel·
1116 2407 1135 2458 3

117 2505 119 2510 ,
170 2454 230 2510 lum
244 2453 342 2510 indicit
343 2453 441 2528 ,genti
455 2455 488 2509 ed
501 2463 662 2526 tempestate
676 2451 832 2510 secundum
845 2451 977 2511 Etruscos
990 2455 1129 2550 opulen'

171 2530 286 2588 tissimae
299 2530 364 2588 viris
377 2530 521 2604 armisque.
561 2530 726 2605 Utrimque
719 2529 827 2604 injuriae
848 2530 937 2600 laotae,
951 2551 984 2588 ao
998 2551 1042 2589 res
1055 2525 1129 2613 rte-2
1162 2531 1176 2584 :s

171 2608 321 2684 quidquam
334 2617 412 2664 erant
419 2609 557 2686 repetitae.
598 2609 698 2666 Tullus
719 2609 754 2664 ad
775 2607 904 2666 Feroniae
923 2609 1019 2667 fanum
1032 2627 1102 2667 mer-

172 2696 237 2744 catu
250 2686 385 2760 frequeutl
406 2687 591 2760 negotiatores
610 2687 753 2745 Romanos
774 2687 986 2761 comprehensos
1006 2707 1135 2763 quere·
1115 2649 1135 2736 ἓ

171 2765 259 2822 batur.
301 2763 398 2820 Sabini
412 2783 476 2822 suos
491 2765 598 2839 prids'
591 2785 620 2822 ru
640 2765 736 2822 lucum
756 2765 925 2839 confugisse,
947 2784 980 2822 ac
1003 2767 1101 2823 Rome

170 2854 301 2902 retentos.
342 2843 396 2898 11ae
409 2859 500 2898 causae
514 2843 578 2900 belli
592 2844 759 2901 ferebantur.
799 2843 896 2900 Sabini
918 2843 991 2900 haud
1004 2863 1100 2918 parum
1109 2865 1145 2904 ao.

122 2959 124 2966 ι
170 2941 316 2994 memores,
330 2931 358 2980 et
371 2940 483 2978 suarum
496 2920 595 2978 virium
609 2933 713 2997 partem
727 2921 827 2978 Rornae
837 2921 872 2976 ab
880 2920 964 2978 Tatio
972 2921 1100 2989 locatam,

171 3009 199 3056 et
220 2968 377 3058 Romdnam
398 3018 455 3056 rem
482 3018 569 3074 nuper
594 3001 677 3058 etiam
704 2999 858 3074 adjectione
883 2998 975 3074 populi
1001 2998 1100 3082 Albani

171 3087 292 3167 auctam,
306 3076 520 3168 circumspicere
534 3088 561 3134 et
577 3078 628 3153 ipsi
642 3089 756 3134 externa
769 3076 878 3134 auxilia
918 3067 1049 3132 Etruria
1041 3087 1101 3133 erat

121 3164 125 3174 '
171 3155 273 3228 vicina,
294 3155 409 3246 proximi
431 3155 609 3216 Etruscorum
631 3156 772 3232 VeJ'entes.
820 3154 900 3227 Inde,
920 3153 956 3210 ob
977 3153 1100 3211 residuas

171 3233 327 3291 bellorum'
320 3251 374 3290 tras
386 3233 505 3292 maxime
496 3233 672 3292 sollicitatis
686 3234 720 3291 ad
734 3199 919 3290 desectioueiu
932 3231 1041 3301 animis,
1056 3249 1134 3293 vocs

170 3311 304 3370 luntarios
324 3314 450 3380 traxere;
478 3321 506 3368 et
519 3313 592 3386 apud
613 3331 695 3388 vagos
715 3313 847 3386 quosdam
868 3329 902 3367 ex
922 3310 997 3385 inopi
1018 3309 1127 3385 plebe

171 3392 256 3449 etiam
277 3408 384 3446 merces
404 3355 497 3446 vaiui't.
542 3390 658 3448 Publico
679 3390 782 3447 auxilio
803 3389 879 3446 nullo
905 3388 991 3478 adjuti
1017 3399 1097 3446 sunt.

171 3469 309 3544 valuitque
322 3467 396 3542 apud
409 3467 541 3541 Vejentes
563 3469 638 3544 (narn
652 3468 686 3525 de
700 3467 808 3525 caeteris
820 3467 917 3524 minus
929 3467 1028 3524 mirum
1041 3467 1097 3558 est)

171 3558 331 3622 pantanum
354 3545 476 3602 Romulo
490 3546 663 3602 induciarum
678 3546 755 3602 fides.
782 3545 879 3607 Quum
889 3545 989 3602 bellurn
1004 3545 1098 3604 utrim-

171 3644 224 3700 que
239 3625 345 3683 summa
357 3641 409 3698 ope
423 3633 559 3696 pararent,
573 3624 695 3699 vertique
716 3625 744 3681 in
765 3643 800 3682 eo
819 3643 863 3681 res
884 3624 1029 3694 videretur,
1044 3623 1131 3684 utrius

171 3704 251 3780 prius
272 3723 347 3762 artua
367 3701 509 3771 inferrent,
530 3713 648 3776 occupat
669 3701 797 3759 Tullus
790 3721 818 3759 ιιι
845 3721 943 3778 agrum
963 3670 1097 3762 Sabinum

161 3781 294 3843 'transire
335 3781 433 3860 Pugna
457 3789 533 3838 atrox
554 3781 588 3838 ad
609 3779 705 3838 silvam
725 3779 892 3840 Malitiosam
914 3781 981 3852 luit3
1009 3781 1141 3853 ubietJ
