2638 4206
175 394 231 457 tut
444 409 448 426 ν
563 395 629 449 ern
645 397 728 449 mvn

91 555 93 562 ’
172 543 191 576 “
203 536 230 596 in
245 556 289 596 me
303 534 564 598 audeantinimici?
600 557 633 598 an
659 540 763 596 exitum
783 537 875 595 Cassii
897 533 1039 614 ilariiique
1054 553 1106 598 et«

172 626 191 653 “
202 618 347 691 spectenrl
387 617 463 675 Rene
479 618 577 690 facitis,
590 613 663 691 qubd
678 618 892 674 abominamini:
915 617 961 674 Dii
975 617 1103 692 prohibe·

171 703 190 730 ⁴‘
201 695 269 751 bunt
283 695 357 752 lraee:
380 700 428 752 sod
443 715 585 772 uunquam
599 706 707 770 propter
720 713 764 750 rna
778 694 813 750 de
834 695 906 752 coelo
920 695 1099 752 descendent

170 770 287 828 “Vobis
300 771 367 829 dent
390 787 521 843 mentem,
538 785 653 848 oportet,
675 787 706 829 ut
726 771 904 846 prohibeatis:
938 774 1013 828 sicut
1034 773 1102 831 mihi

170 857 187 884 ‘⁴
199 849 335 907 dederunt
348 863 452 908 armato
473 863 628 928 togatoque,
652 864 682 908 ut
705 869 752 906 ros
766 869 783 906 a
796 850 918 906 barbaris
931 851 1063 922 hostibus,
1084 869 1102 908 a
1121 863 1136 907 5

168 925 323 1002 “superbis
343 929 520 987 defenderem
544 931 659 986 civibus.
700 927 773 984 Tam
797 945 896 1002 paruus
908 930 1018 984 animus
1031 929 1099 985 tanti

169 1012 187 1039 ⁴·
200 1001 292 1077 populi
305 1022 358 1080 est,
371 1024 402 1064 ut
415 1027 523 1082 semper
535 1008 612 1064 vobis
626 1006 758 1064 auxilium
772 1006 902 1062 aduersus
916 1006 1043 1063 inimicos
1058 1025 1100 1062 sa-

167 1081 232 1138 “tis
244 1081 299 1150 sit3
333 1101 386 1141 acc
401 1085 495 1152 ullum,
508 1087 570 1142 ‘nisi
591 1086 727 1159 quatenus
750 1084 876 1158 imperari
895 1084 971 1141 vobis
993 1083 1098 1154 sinatis,

167 1167 185 1195 ‘⁴
196 1169 337 1216 certamen
351 1164 482 1218 adversus
495 1161 590 1219 Patres
604 1163 722 1219 ndritisi
763 1162 826 1218 Nec
847 1162 899 1218 hoc
923 1162 1021 1218 naturai
1035 1161 1100 1218 insi·

166 1246 184 1272 ‘⁴
196 1247 254 1292 tum
269 1237 345 1294 vobis
357 1249 409 1310 est,
432 1241 480 1296 sod
505 1259 556 1297 usu
579 1239 767 1315 possidemini.
807 1239 865 1296 Cur
878 1239 955 1295 enim
968 1240 1098 1295 advorsus
1109 1257 1134 1297 rc

166 1323 184 1350 ⁴⁴
195 1331 324 1372 externos
337 1328 443 1374 tantum
455 1318 609 1376 animorum
618 1318 722 1398 geritis,
734 1329 763 1374 ut
775 1317 908 1392 imperare
922 1317 975 1373 illis
990 1335 1099 1390 aequum

165 1401 183 1427 ‘⁴
195 1394 354 1450 cdrrseatisi
386 1395 450 1469 quia
462 1395 618 1452 consuestis
638 1415 703 1452 curn
723 1395 764 1452 eis
777 1415 826 1470 pro
846 1394 960 1469 imperio
980 1406 1097 1466 certare,

164 1473 182 1501 ‘¹
194 1471 323 1528 adversus
338 1473 387 1530 hos
400 1483 505 1531 tentare
520 1474 617 1549 magis,
638 1473 721 1547 quiam
742 1474 822 1544 tueri,
836 1471 999 1528 libertatern.
1040 1471 1097 1528 'sa-

164 1557 260 1604 ⁴⁴men
286 1551 501 1626 qualescumque
527 1553 614 1608 duces
634 1551 777 1621 habuistis,
803 1551 1017 1625 qualescumque
1044 1549 1098 1624 ipsi

162 1631 182 1660 ‘⁴
194 1625 292 1697 sitistis,
312 1629 406 1686 omnia
427 1631 528 1699 adhuc,
552 1641 773 1704 quantacumque
793 1628 906 1702 petistis,
927 1627 1092 1695 obtinuistis,
1105 1647 1131 1688 ra

160 1704 241 1758 “scu
265 1704 300 1769 vi,
327 1724 375 1761 seu
401 1706 509 1763 sortunri
535 1707 632 1763 vestra.
669 1707 799 1780 ¹Tempus
819 1716 868 1774 est,
889 1705 972 1761 etiam
994 1705 1096 1780 majora

161 1784 180 1814 ‘⁴
191 1779 294 1836 conari.
334 1781 505 1856 Experimini
526 1783 607 1840 modii
627 1793 655 1840 et
668 1794 788 1840 vestram
809 1783 979 1853 felicitatem,
1000 1793 1029 1839 et
1050 1801 1095 1838 me

160 1865 180 1894 ‘⁴
193 1860 237 1922 (ut
249 1859 341 1936 spero)
357 1859 473 1916 feliciter
486 1872 629 1936 expertum
641 1879 647 1917 :
668 1861 774 1917 minore
785 1861 905 1936 nogotio,
919 1861 965 1934 qui
980 1861 1095 1934 imperet

144 1944 180 1982 ·‹‘⁴
192 1934 326 2006 *Patribus
354 1936 510 2012 imponetis,
533 1939 625 2014 quarn,
646 1939 692 2014 qui
706 1939 865 1996 resisterent
885 1938 1094 2012 imperantibus,

160 2022 180 2050 ⁴⁴
191 2011 367 2088 imposuistis.
408 2015 474 2073 Solo
487 2017 628 2091 aequandae
641 2027 706 2073 sunt
716 2016 860 2072 dictaturae
871 2015 1093 2088 consulatusque,
1102 2033 1128 2074 aa

160 2099 180 2128 ‘⁴
194 2103 223 2149 ut
234 2104 316 2166 captu
329 2093 453 2151 attollere
466 2094 596 2151 Romana
609 2094 705 2168 plebes
718 2095 811 2169 possit.
852 2093 972 2150 Proinde
980 2093 1074 2148 adeste
1085 2111 1093 2162 ;

158 2179 179 2206 ⁴⁴
188 2164 335 2243 probibate
343 2171 389 2246 jus
402 2173 437 2228 de
450 2173 576 2246 pecuniis
590 2171 663 2228 dici:
691 2189 745 2246 ego
764 2189 807 2227 me
828 2181 972 2246 patronum
986 2169 1096 2244 profire»

158 2255 219 2304 “or
241 2246 337 2322 plebis,
357 2249 430 2323 quod
452 2249 518 2306 mibi
546 2266 613 2306 cura
638 2267 702 2305 mea
727 2259 754 2305 et
774 2248 843 2304 fides
869 2265 970 2303 nornen
995 2246 1092 2303 induit

158 2323 247 2381 “Vos
260 2325 350 2400 siquo
371 2325 473 2402 insigni
495 2328 583 2402 magis
606 2325 713 2401 imperii
735 2326 879 2382 honorisve
900 2323 1013 2380 nomiae
1034 2337 1095 2380 ves·

156 2411 177 2438 ⁴⁴
187 2417 259 2458 anun
274 2403 444 2478 appellabitis
458 2404 613 2475 ducamen
626 2403 742 2460 utemini
756 2402 908 2478 potentiore
917 2402 952 2457 ad
965 2401 1125 2460 obtineo-es

159 2488 177 2515 ⁰·
188 2479 224 2534 da
237 2497 279 2545 ea,
294 2499 354 2554 quae
369 2480 478 2537 vultis.''
518 2481 588 2538 Inde
603 2482 637 2537 de
649 2499 739 2556 regno
752 2480 853 2555 agendi
872 2489 962 2535 ortum
983 2479 1092 2535 initium

157 2553 276 2613 dicitur:
307 2558 355 2613 sed
370 2575 423 2614 nec
437 2577 501 2615 cum
525 2559 634 2633 quibus,
658 2577 712 2614 nec
733 2575 815 2632 quem
828 2557 864 2614 ad
877 2557 962 2613 linem
975 2555 1093 2614 consilia

157 2633 342 2708 pervenerint,
356 2645 398 2690 sat
411 2635 524 2710 planum
537 2635 661 2692 traditur.

193 2787 277 2848 xlx.
299 2790 338 2846 At
352 2790 380 2848 in
394 2805 470 2866 parte
484 2791 570 2848 alteria
583 2802 695 2848 senatus
708 2793 743 2848 de
754 2791 920 2862 secessione,
934 2791 962 2848 in
977 2790 1090 2848 domum

156 2867 302 2944 privatam,
316 2868 412 2944 plebis,
427 2869 495 2928 forte
516 2871 599 2926 etiam
621 2870 650 2926 in
664 2889 728 2926 arce
742 2869 869 2945 positam,
892 2880 920 2927 et
933 2866 1089 2924 imminenti
1098 2885 1123 2928 at

155 2945 227 3002 mole
254 2945 383 3019 libertati,
405 2947 498 3024 agitat.
546 2947 653 3023 ll'lagua
675 2957 737 3023 pars
758 2947 951 3016 attollerentur,
973 2944 1090 3001 Servilio

155 3023 247 3080 Ahala
261 3043 330 3098 opus
343 3043 412 3096 esse,
428 3026 473 3101 qui
494 3045 560 3092 uon,
585 3027 613 3082 in
635 3025 746 3086 vincula
760 3026 824 3082 duci
844 3025 977 3099 jubendo,
1001 3021 1090 3077 irritet

154 3098 296 3174 publicum
312 3103 489 3175 hostem,=sed
513 3104 596 3160 unius
614 3103 722 3179 jactura
743 3103 811 3159 civis
832 3101 909 3158 liniat
926 3098 1088 3156 intestinum

154 3177 265 3235 bellum.
304 3178 467 3238 Decurritur
481 3182 515 3238 ad
529 3181 661 3238 leniorem
676 3180 765 3237 verbis
785 3178 960 3248 sententiam,
979 3175 1034 3232 virn
1047 3187 1089 3231 ta·

152 3273 218 3318 rnen
231 3255 357 3314 eamdem
371 3259 529 3326 habentem,
551 3259 616 3316 “Ut
629 3259 741 3314 videant
762 3257 945 3332 magistratus,
966 3273 1003 3310 ne
1020 3251 1120 3327 quidm

153 3340 218 3391 ⁴‘err
241 3333 403 3408 perniciosis
427 3337 549 3394 consiliis
570 3336 611 3393 M.
633 3335 732 3392 Manlii
759 3330 1087 3408 respublica'detrimenti

152 3418 171 3452 ‘⁴
183 3411 302 3487 capiat.”
342 3411 418 3470 Turn
431 3415 534 3471 tribuni
548 3414 685 3471 consulari
696 3423 841 3489 potestate,
858 3411 1017 3484 tribunique
1030 3408 1088 3484 ple·

153 3491 197 3547 bei
212 3491 287 3564 (narn
302 3499 338 3557 et,
353 3491 418 3566 quia
430 3494 560 3550 eumdem
573 3503 601 3548 et
614 3511 671 3548 sura
691 3491 841 3567 potestatis,
856 3508 937 3564 quern
952 3485 1087 3544 libertatis

150 3566 380 3640 omnium,finem
394 3571 555 3637 cernebant,
570 3569 681 3626 Patrum
695 3569 850 3640 auctoritati
858 3587 888 3625 se
897 3567 1086 3640 dediderant),

151 3643 181 3705 hi
191 3655 251 3702 tum
265 3663 371 3718 ornnes,
385 3648 450 3722 qnid
464 3668 532 3722 opus
543 3648 619 3704 iacto
631 3649 675 3716 sit,
700 3647 865 3710 consultant.
903 3645 1004 3706 Quum
1018 3649 1120 3718 prin-to

150 3723 260 3780 terrim
273 3735 302 3780 et
314 3726 419 3780 caedem
435 3726 502 3782 nihil
526 3727 654 3799 cuiquam
675 3735 841 3792 occurreret,
856 3743 918 3780 earn
932 3733 1024 3779 autem
1045 3720 1086 3776 in·

148 3799 241 3877 gentis
261 3802 447 3888 dimicationis
468 3803 527 3860 sore
548 3815 711 3880 appareret;
750 3814 813 3860 tum
837 3801 878 3860 M.
905 3800 1028 3860 Maenius
1056 3805 1085 3854 et
