2620 4200
509 368 609 420 arasa
624 369 707 420 xxu.
739 384 852 454 022.er.
1072 360 1134 434 208

200 501 352 571 *sistimari
370 517 467 588 potest.
508 510 538 569 Si
551 511 666 570 videatis
685 521 807 584 catenas,
830 509 992 588 squalorem,
1007 511 1135 572 deformi·
1214 519 1217 524 ‘

204 597 322 649 ¹“tatem
335 591 435 648 civium
449 599 608 662 vestrorum,
628 608 683 648 non
704 589 796 648 mimis
817 591 939 666 profeotd
961 607 1010 648 vos
1027 609 1060 648 ca
1074 608 1135 668 spe-

204 671 230 704 ‘⁸‘
238 669 296 726 cies
310 679 422 738 moveat,
436 667 517 744 quim
529 669 554 725 si
568 687 601 726 en
616 669 701 726 altere
714 680 790 744 parte
811 669 931 726 cernatis
952 681 1048 726 stratas
1061 669 1135 726 Can-

211 745 370 804 “ne'nsibus
383 747 488 822 campis
502 747 623 821 legiones
637 759 748 804 vestras.
787 745 894 805 Intueri
907 747 1020 822 potestis
1037 743 1136 804 sollici·

189 832 228 880 μ’
238 825 361 882 tudinem
375 839 404 882 et
416 825 550 900 lacrymas
565 826 592 880 in
606 827 740 883 vestibulo
761 827 844 882 curie
863 825 992 882 stantium
1007 835 1137 900 cognato-

200 909 297 958 '“rum
323 914 486 974 nostrorum,
512 904 785 978 exspectantiumque
815 921 977 979 responsum
1007 915 1136 960 restrum.

207 979 333 1040 “Quum
349 981 368 1038 ii
380 1001 430 1056 pro
442 981 529 1051 nobis,
544 1000 646 1055 proque
660 982 694 1037 iis
707 983 752 1056 qui
776 981 884 1052 absunt,
909 982 947 1038 ita
965 981 1138 1056 suspensius

207 1057 346 1116 “solliciti
368 1059 439 1129 sint3
472 1075 555 1135 quern
569 1059 688 1116 censetis
704 1060 826 1116 animum
848 1061 968 1134 ipsorum
981 1077 1052 1125 esse,
1073 1078 1139 1133 quo-

209 1141 298 1193 “rum
324 1139 353 1194 iu
379 1137 538 1195 discrimine
559 1139 614 1195 vita
633 1133 798 1211 libertasque
818 1139 882 1194 esti
936 1137 967 1194 Si
991 1139 1046 1216 (me
1066 1137 1138 1194 Dius

178 1227 202 1268 tc
211 1221 228 1250 ‘⁶
238 1213 332 1292 fidius)
356 1216 414 1290 ipse
437 1217 465 1272 in
480 1235 530 1273 nos
550 1216 623 1273 mitis
637 1213 778 1272 Hannibal
799 1227 895 1274 contra
913 1227 1040 1272 naturam
1060 1233 1138 1272 suam

211 1299 299 1349 “esse
320 1295 394 1364 velit,
421 1295 490 1350 nihil
510 1305 604 1351 tamen
625 1294 704 1351 nobis
717 1293 771 1352 vitri
791 1313 859 1369 opus
882 1313 942 1351 esse
963 1310 1138 1360 censeamus,

211 1377 323 1444 “quum
337 1371 454 1446 indigni,
469 1382 499 1428 ut
512 1391 528 1428 a
541 1371 617 1429 vobis
636 1371 843 1440 redimeremur}
858 1373 908 1429 visi
922 1391 1025 1428 sumus.
1053 1369 1140 1428 Redi·

202 1455 230 1483 ·“
239 1451 285 1505 ere
299 1447 419 1506 Romam
439 1451 576 1524 quondam
591 1449 697 1507 remissi
720 1470 736 1507 a
756 1451 861 1526 Pyrrho
875 1451 935 1507 sine
947 1449 1034 1524 pretio
1047 1449 1140 1522 capti:

212 1531 230 1560 ‘⁴
240 1527 288 1582 sed
303 1527 409 1583 rediere
418 1545 481 1584 cum
492 1529 600 1604 legatis,
611 1529 776 1604 primoribus
787 1528 955 1595 civitatisad
966 1525 1142 1584 redimendos

180 1605 230 1656 15“
239 1621 300 1660 sese
314 1604 413 1661 missis.
454 1605 581 1662 Redeam
602 1625 654 1682 ego
675 1607 703 1663 in
723 1607 849 1683 patriam,
867 1605 999 1664 trecentis
1021 1603 1143 1662 nummis

206 1682 295 1740 “uon
310 1683 460 1739 aestimatus
474 1683 564 1740 civis?
602 1685 823 1759 'suumquisque
837 1686 920 1742 habet
942 1683 1074 1753 enimam,
1091 1678 1142 1740 Pa·

211 1761 294 1816 “tres
307 1761 464 1835 conscripti.
506 1762 572 1819 Soio
585 1762 613 1818 iu
629 1763 789 1820 discrimine
808 1781 869 1820 esse
892 1763 975 1819 ritem
989 1777 1142 1838 corpusque

212 1840 341 1895 “meum
390 1835 545 1914 Megistos
566 1840 646 1896 iamae
665 1841 820 1916 periculum
843 1851 944 1912 movet,
970 1857 1006 1896 ne
1027 1837 1143 1896 anobis

213 1917 232 1951 “
241 1917 363 1972 damnati
377 1935 410 1972 oc
424 1917 524 1991 repulsi
538 1919 688 1974 abeamus:
720 1937 810 1993 neque
833 1919 908 1978 enim
929 1935 977 1975 vos
996 1917 1084 1992 pretio
1097 1933 1143 1992 pe·

144 2009 147 2016 ⁴
180 1997 232 2048 soi‘
241 1995 362 2068 percisse
376 1994 501 2051 homines
514 1995 657 2052 credent.’'

252 2147 316 2206 LX.
336 2149 390 2207 Ubi
405 2149 428 2206 is
441 2149 524 2206 finem
539 2150 614 2223 fecit,
628 2149 765 2226 extempio
785 2151 820 2208 ab
833 2151 867 2208 eit
880 2150 969 2218 turba,
983 2167 1043 2225 quae
1057 2149 1085 2206 in
1099 2167 1145 2207 co-

215 2227 373 2294 minuerat,
388 2227 491 2284 clamor
504 2227 603 2285 flebilis
626 2241 667 2286 est
690 2229 829 2297 sublatus3
860 2246 1011 2302 manusque
1025 2228 1059 2284 ad
1073 2225 1146 2284 ouri·

216 2325 260 2362 am
273 2307 435 2379 tendebant,
447 2317 565 2376 orantes,
578 2317 609 2364 ut
623 2307 674 2364 sibi
688 2307 796 2378 liberos,
820 2307 925 2378 iratres,
939 2315 1071 2381 cognatos
1083 2305 1147 2360 red-

216 2385 321 2441 derent.
363 2383 504 2440 Foeminas
517 2403 624 2460 quoque
638 2397 727 2442 metus
740 2403 773 2442 oc
786 2385 937 2441 necessitas
951 2383 979 2440 in
991 2383 1049 2442 foro
1058 2381 1146 2440 turbe

183 2462 282 2522 echaia
295 2463 414 2520 virorum
428 2462 624 2522 immiscuerat.
664 2463 793 2537 Senatus,
807 2463 939 2522 submotis
953 2464 1069 2532 arbitris,
1081 2481 1149 2526 cco-1

217 2541 271 2598 soii
286 2554 401 2616 ereptus.
421 2603 422 2606 Ἴ
443 2541 486 2598 Ibi
495 2559 579 2616 quum
591 2543 736 2600 sententiis
744 2543 901 2614 variaretur,
915 2554 943 2600 et
953 2543 999 2600 aiii
1009 2539 1147 2600 redimen-

160 2617 167 2686 ,’
216 2617 266 2676 dos
286 2619 321 2676 do
341 2621 460 2695 publico,
473 2621 521 2677 eiii
544 2621 648 2677 nuliam
669 2621 780 2696 publice
804 2617 957 2697 impensam
980 2618 1146 2692 faciendam,

207 2707 271 2754 ‘noc
284 2699 468 2772 prohibendos
488 2717 522 2755 ex
542 2699 646 2774 privato
666 2700 783 2767 redimi3
811 2700 833 2756 si
847 2699 946 2774 quibus
957 2707 1103 2776 argeutum
1117 2700 1147 2756 in
1184 2703 1185 2708 ’

209 2775 362 2847 'presentia
388 2778 504 2846 deesset,
519 2777 639 2834 dentiam
654 2794 694 2834 ex
714 2779 809 2835 erario
836 2779 983 2854 pecuniam
1012 2787 1146 2847 mutuam,

186 2873 211 2912 so
238 2851 410 2926 raedibusque
430 2871 463 2910 ac
483 2855 593 2929 prediis
605 2857 760 2912 cavendum
779 2856 889 2932 populo,
904 2864 1068 2924 censerent;
1087 2865 1148 2912 tum

250 2929 393 2987 .Maniitrs
407 2927 573 3006 Torquatus,
590 2934 688 3008 prisce
708 2951 741 2990 aa
761 2935 843 2991 nimis
863 2935 948 3000 dure,
963 2944 993 2990 ut
1010 2931 1148 3008 pictisque

209 3007 372 3076 ridebatur,
389 3011 554 3078 severitatis,
579 3011 762 3086 interrogatus
781 3011 957 3083 sententiam,
983 3011 1022 3068 ita
1040 3009 1148 3067 iccutus

210 3085 322 3144 'ferturz
353 3096 375 3124 '⁶‘
385 3087 414 3144 si
428 3090 617 3146 tantummodo
635 3091 817 3164 po'stuldssent
837 3089 920 3165 legati
934 3101 982 3164 pro
994 3089 1038 3160 iis,
1058 3087 1148 3163 quiin

221 3165 367 3222 “bostium
381 3175 515 3240 potestate
533 3179 608 3238 suut,
623 3179 653 3225 ut
664 3169 875 3238 redimerentur,
889 3166 949 3223 sine
962 3167 1044 3224 ullius
1058 3167 1149 3225 insec-

190 3245 241 3303 at“
249 3245 351 3300 tatione
365 3263 469 3316 eorum,
484 3243 558 3300 brevi
571 3247 736 3303 seutentiam
755 3245 931 3320 peregissem.
970 3243 1050 3306 Quid
1072 3247 1149 3302 enim

222 3321 322 3378 “aliud
337 3323 417 3395 quam
431 3323 597 3380 admonendi
611 3323 716 3390 essetis,
737 3337 884 3380 utmorem
896 3323 1026 3392 traditum
1039 3319 1151 3396 apani-

224 3397 311 3471 “bus,
336 3401 494 3458 necessario
520 3401 555 3457 ad
581 3419 646 3458 rem
660 3402 806 3458 militarem
826 3402 960 3476 exemplo,
982 3398 1149 3460 servaretisi
1209 3473 1211 3478 Ι

212 3473 337 3534 '“Nrmo
358 3493 448 3534 autem
469 3496 552 3552 quum
573 3479 655 3555 prope
676 3479 782 3556 gloriati
794 3480 861 3552 sint,
885 3473 956 3555 quod
979 3497 1009 3537 se
1027 3475 1150 3535 hostibus

215 3553 415 3626 “dediderint
434 3557 610 3632 preferrique
623 3575 678 3616 non
693 3559 780 3633 captis
793 3557 874 3615 modd
890 3559 922 3616 in
946 3559 1006 3616 acie
1019 3555 1054 3612 ab
1067 3550 1151 3612 inosti·

192 3631 314 3699 fflbus,
331 3635 478 3692 sedetiam
497 3635 531 3691 iis
550 3636 596 3710 qui
615 3635 767 3694 Venusiam
791 3637 998 3711 Canusiumque
1018 3644 1151 3710 pervene-

225 3713 326 3778 “mir
339 3722 420 3786 etque
441 3713 492 3789 ipsi
507 3713 540 3772 C.
555 3709 689 3773 Terentio
702 3716 819 3788 consuli,
842 3733 948 3792 aequum
971 3707 1150 3779 censuerint}

212 3788 323 3848 ''“nihil
345 3805 393 3849 ros
415 3811 519 3864 eorum,
541 3791 635 3850 Patres
658 3793 897 3871 conscriptique
920 3789 976 3851 iiiic
999 3801 1062 3850 acta
1077 3797 1151 3856 sunt,
