2622 4194
542 353 645 406 nmen
659 353 693 405 tr.
714 367 775 405 car.
785 368 809 404 r.
1114 346 1154 414 ’61

222 497 328 574 pignus
334 497 397 556 fidei
404 507 508 564 essent,
517 497 693 556 manifestum
705 497 815 555 lacinus
822 495 967 554 iecerunt:
987 489 1053 552 uar'u
1062 513 1157 571 quum,

225 576 314 652 pridie
327 576 406 650 quim
420 576 505 651 legati
518 576 553 632 od
567 573 737 650 Tarquinios
760 574 1008 650 proficiscerentur,
1023 584 1052 630 et
1064 593 1159 632 crena·

226 665 284 710 turn
298 654 365 711 forte
379 654 453 728 apud
466 653 594 711 Vitellios
606 663 690 725 esset,
711 652 900 728 coniuratique
920 649 968 722 ibi,
991 651 1104 710 remotis
1117 669 1159 710 er·

134 735 139 743 “
227 729 310 800 bitris,
324 731 412 788 multa
424 731 498 815 iuter
511 749 541 788 se
554 732 590 788 de
603 749 675 789 novo
689 729 789 806 (urm)
803 729 920 786 oonsilio
931 729 1073 804 egisseut3
1103 747 1159 788 ser·

206 825 334 865 emonem
348 827 445 866 eorum
458 827 493 866 ex
505 810 591 866 servis
604 827 678 865 unus
690 809 809 884 excepit,
832 808 878 882 qui
889 808 947 882 iam
960 817 1044 863 antee
1056 807 1084 864 id
1098 827 1160 865 aen·

223 897 297 942 serat
309 887 372 961 agi:
403 886 526 943 sedeam
540 887 726 957 occasionem,
749 897 780 943 ut
803 885 888 942 literae
906 883 1006 960 legatis
1020 883 1160 958 darentur,

222 981 284 1037 quae
298 964 478 1038 deprehensae
491 983 550 1021 rem
563 983 716 1040 coarguere
727 974 849 1040 possent,
863 962 1059 1037 exspectabat:
1088 975 1162 1038 post-

222 1059 307 1116 quam
320 1043 398 1098 dates
411 1043 507 1108 sensit,
532 1061 591 1100 rem
615 1043 650 1099 ad
673 1042 803 1099 eonsules
818 1041 924 1097 detulit.
964 1040 1112 1108 Consules,
1126 1042 1162 1098 ad

225 1119 474 1193 deprehendendos
487 1121 592 1196 legatos
615 1121 826 1196 conjuratosque
847 1117 963 1194 proiecti
986 1119 1077 1185 domo,
1101 1119 1162 1176 sine

193 1211 219 1250 to
227 1198 346 1255 tumultu
359 1217 418 1254 rem
431 1217 543 1255 omnem
556 1201 734 1273 oppressere:
767 1197 906 1254 literarum
921 1195 1055 1271 imprimis
1069 1197 1163 1254 habita

228 1291 305 1346 oure,
328 1294 364 1332 ne
374 1276 592 1332 interciderent.
632 1274 820 1333 Proditoribue
843 1273 981 1348 extemplo
999 1274 1029 1350 iq
1051 1274 1164 1331 vincula

228 1351 371 1426 conjectis,
386 1351 533 1427 delegetis
552 1353 694 1427 paululum
715 1351 905 1409 addubitatum
928 1361 987 1420 est;
1019 1361 1048 1407 et
1069 1370 1164 1426 quem·

224 1447 311 1502 quem
324 1430 375 1487 risi
389 1440 454 1487 sunt
463 1431 643 1499 commisisse,
654 1442 685 1488 ut
697 1431 819 1488 hostiurn
829 1429 891 1488 loeo
898 1438 1002 1500 essent,
1015 1429 1060 1508 jus
1070 1440 1163 1488 tamen

223 1507 460 1582 gentiumreluit.
504 1544 506 1553 ·

197 1681 221 1720 rr
267 1663 303 1722 V.
324 1665 367 1723 De
381 1667 461 1725 bonis
474 1668 567 1744 regiis,
581 1687 642 1744 qure
655 1669 734 1727 reddi
756 1668 820 1726 ante
838 1677 1016 1740 censuerant,
1038 1685 1082 1724 res
1095 1667 1165 1726 inte·

133 1763 143 1782 =
228 1759 278 1816 gra
290 1745 405 1802 refertur
419 1747 453 1802 ad
468 1745 582 1803 Patres:
611 1748 650 1804 illi
671 1748 737 1805 victi
759 1748 800 1804 ire
823 1747 936 1805 vetuere
950 1745 1037 1816 reddi,
1051 1745 1164 1802 vetuere

228 1820 257 1875 in
272 1822 413 1894 publicum
426 1825 524 1900 redigi.
564 1824 728 1900 Diripienda
741 1826 815 1902 plebi
839 1835 904 1882 suut
927 1826 1007 1893 data3
1034 1833 1074 1890 ut,
1098 1841 1165 1880 eon·

229 1905 303 1955 tacta
316 1901 393 1975 regib
405 1903 508 1976 preda,
524 1921 600 1977 spem
614 1903 643 1960 in
658 1914 820 1978 perpetuum
832 1921 898 1960 cum
912 1903 955 1958 his
969 1902 1045 1976 pacis
1058 1901 1166 1957 amitte-

228 1985 280 2031 ret.
321 1979 397 2052 Ager
410 1979 636 2053 Tarquiniorum,
650 1981 697 2056 qui
712 1983 783 2037 inter
797 1982 894 2038 urbem
914 1998 948 2035 ao
961 1978 1091 2041 Tiberim
1104 1977 1164 2048 mit,

190 2054 409 2111 *reconsecratus
423 2056 516 2122 Marti,
532 2059 649 2114 Martius
670 2059 771 2115 deinde
793 2059 916 2133 Campus
930 2057 990 2114 fuit.
1030 2055 1114 2112 Forte
1127 2056 1166 2113 ibi

231 2141 291 2186 tnm
305 2149 384 2206 seges
397 2133 588 2191 sarrisdioitur
604 2136 688 2192 fuisse
709 2146 817 2204 matura
836 2136 938 2192 messi:
972 2153 1054 2209 quem
1074 2134 1166 2210 campi

231 2205 437 2283 fructum'quia
463 2210 622 2284 religiosum
650 2222 709 2268 erat
737 2231 911 2278 consumere,
940 2213 1081 2268 desectam
1099 2230 1167 2268 oum

231 2295 381 2344 atramento
394 2298 517 2362 segetem
531 2305 633 2364 magne
647 2289 686 2344 vis
707 2288 853 2344 homiuum
871 2289 951 2343 simul
973 2289 1095 2343 immisse
1109 2305 1168 2344 cor·
1221 2289 1227 2298 ”

230 2362 312 2420 bibus
338 2365 433 2421 ludere
455 2367 482 2422 in
505 2365 641 2433 Tiberim,
661 2366 739 2422 tenui
760 2365 892 2421 fluentem
912 2365 993 2438 aquai,
1018 2374 1050 2420 ut
1070 2365 1168 2421 mediis

199 2441 369 2498 escaloribus
388 2443 476 2500 solet:
508 2444 548 2500 ite
568 2443 596 2500 in
617 2445 695 2500 vadis
723 2442 875 2499 haesitantis
905 2443 1034 2499 frumenti
1056 2459 1168 2502 acervos

232 2518 335 2575 sedisse
357 2520 438 2576 illitos
459 2521 543 2578 limo:
574 2521 693 2578 insulam
717 2520 784 2578 inde
802 2520 945 2595 paulatim,
971 2530 1000 2577 et
1023 2521 1168 2595 aliis,quae

233 2595 285 2652 sert
306 2598 410 2654 temere
433 2598 547 2670 llumen,
569 2597 665 2656 eddom
681 2600 807 2665 invectis,
822 2598 942 2656 sectam:
975 2610 1071 2674 postea
1084 2600 1169 2656 eredo

233 2671 339 2731 additus
352 2675 448 2747 moles,
462 2695 600 2752 manuque
614 2678 749 2753 adjutum,
771 2686 871 2734 uttam
884 2677 1012 2733 eminens
1025 2694 1099 2744 area,
1124 2677 1169 2733 lir-

232 2767 331 2824 meque
344 2754 453 2827 templis
466 2773 572 2828 quoque
586 2773 620 2812 ac
633 2755 785 2830 porticibus
808 2755 977 2811 sustinendis
998 2763 1092 2810 esset·
1119 2753 1169 2809 Di-

200 2829 318 2902 mreptis
332 2830 410 2886 bonis
423 2849 530 2905 regum,
544 2833 667 2889 damnati
680 2833 842 2907 proditores,
858 2843 1052 2907 sumptumque
1066 2829 1168 2904 suppli·

235 2905 319 2972 oium,
347 2910 522 2983 conspectius
542 2907 584 2980 eb,
608 2908 680 2984 quod
706 2929 795 2984 poenae
821 2910 964 2984 capiendae
985 2908 1169 2965 ministerium

198 2987 200 2994 ’
233 2984 303 3057 petri
317 2985 352 3040 de
366 2985 459 3042 liberis
472 2989 631 3044 consulatus
653 2987 797 3063 imposuit;
828 2998 866 3053 et,
889 2985 935 3060 qui
960 2995 1096 3060 spectator
1110 2996 1169 3044 eret
1201 2979 1209 2992 “

233 3064 413 3140 amovendus,
433 3083 497 3121 eum
515 3065 604 3140 ipsum
625 3066 734 3123 fortuna
756 3075 915 3122 exactorem
938 3063 1065 3138 supplicii
1083 3063 1168 3121 dedit.
1201 3109 1203 3116 .

234 3139 352 3196 Stabant
366 3141 478 3218 deligati
492 3143 527 3199 ad
540 3144 632 3218 palum
646 3144 810 3201 nobilissimi
829 3143 962 3218 juvenes:
995 3142 1044 3198 sed
1058 3159 1074 3198 a
1087 3153 1170 3198 caete·
1201 3139 1203 3146 '

202 3215 281 3289 reris,
295 3218 370 3274 velut
382 3219 416 3275 ab
440 3219 541 3294 ignotis
564 3222 710 3296 capitibus,
731 3220 853 3278 consulis
866 3218 945 3275 liberi
958 3220 1083 3282 omniurn
1097 3219 1125 3275 in
1139 3237 1169 3275 se
1205 3248 1210 3270 ι

236 3304 390 3352 averterant
402 3296 515 3366 oculos;
536 3299 738 3373 miserebatque
751 3317 808 3354 nou
828 3315 917 3372 poenae
931 3298 1019 3374 magis
1033 3297 1169 3365 homines,
1209 3337 1214 3349 ..

236 3373 317 3444 quim
331 3374 454 3446 sceleris,
474 3394 651 3450 quopoenam
670 3377 760 3432 meriti
780 3385 890 3444 esseut;
923 3375 993 3448 illos,
1016 3371 1170 3448 eopotissi·
1205 3383 1211 3392 ·

236 3447 313 3506 mdrn
326 3453 400 3508 armo
413 3453 529 3527 patriam
549 3453 701 3524 liberatam,
721 3464 827 3528 patrem
841 3453 1025 3524 liberatorem,
1043 3449 1170 3508 consult·

237 3527 447 3608 turn'ortumex
460 3531 541 3588 domo
564 3531 659 3604 sunit,
686 3531 791 3602 Patres,
814 3531 932 3605 plebem,
951 3527 1083 3606 quidquid
1097 3527 1172 3586 Deo·

204 3619 299 3661 eurum
313 3603 508 3682 hominumque
530 3608 723 3666 Romanorum
740 3619 822 3675 esset,
837 3609 978 3665 induxisse
994 3607 1024 3662 in
1037 3605 1170 3675 animum,

237 3691 269 3737 ut
294 3684 411 3755 superbo
435 3679 573 3759 quondam
598 3687 750 3761 regi,·tum
771 3685 870 3744 infesto
889 3684 988 3750 exsuli,
1014 3684 1170 3758 proderent.

237 3757 376 3817 conules
398 3761 429 3818 in
441 3761 545 3820 ‘ecdem
564 3763 724 3838 processere
745 3781 832 3833 ruam,
853 3763 985 3836 missique
1006 3759 1117 3817 lictores
1136 3756 1172 3814 ad

504 3841 524 3898 6
