2638 4206
549 339 650 393 LIBER
667 339 698 392 V.
717 352 777 390 cae.
788 355 813 390 r..
1095 335 1152 400 129

253 486 362 546 XLIX.
384 486 440 544 Sed
454 485 555 561 Diiqua
569 497 597 542 et
616 485 742 544 homines
754 481 921 560 prohibuere
934 483 1090 559 redemptos
1109 482 1149 540 ri-

215 585 278 624 vere
298 568 459 634 Romanos;
493 584 558 622 nam
582 564 649 622 sorte
670 565 799 638 quddam,
819 564 898 638 prius
923 563 1008 637 qubro
1035 563 1150 620 infanda

214 663 321 702 meroes
340 644 527 720 perficeretur,
550 661 599 718 per
618 643 825 700 altercationem
843 641 966 700 noudum
985 641 1061 699 omni
1081 659 1148 698 auro

214 741 343 799 appenso,
364 721 482 780 dictator
502 721 666 791 intervenit;
700 720 855 794 auferrique
874 737 970 776 aurum
991 717 1147 786 demedio,

192 811 241 858 oet
264 801 359 858 Gallos
384 800 539 859 submoveri
564 800 651 875 jubet:
703 799 802 860 Quum
823 798 862 855 illi
883 798 1034 855 renitentes
1053 807 1149 872 pactos

211 879 337 936 dicerent
357 897 427 950 sese,
442 890 524 955 negat
544 897 605 934 eam
626 879 782 953 pactionem
803 887 889 934 ratam
903 895 973 949 esse,
993 893 1062 951 quae,
1077 886 1149 950 post·

209 975 292 1032 quam
315 958 372 1032 ipse
399 958 516 1014 dictator
538 967 649 1014 oreatus
661 967 743 1024 esset,
759 956 865 1032 injussu
886 975 936 1012 suo
956 957 991 1012 ab
1011 955 1148 1012 inferioris

206 1034 277 1111 juris
290 1036 451 1112 magistratu
466 1036 538 1093 lacta
551 1045 642 1092 esset:
674 1035 873 1108 denuntiatque
897 1033 994 1101 Gallis,
1019 1045 1049 1090 ut
1062 1052 1091 1090 se
1112 1033 1147 1090 ad

209 1115 337 1188 proelium
358 1115 515 1189 expediant.
557 1116 628 1171 Suos
648 1114 676 1171 in
699 1132 828 1171 acervum
849 1113 988 1188 conjicere
1014 1111 1146 1182 sarcinas,

178 1209 202 1249 10
210 1202 239 1248 et
262 1211 337 1249 arma
351 1205 453 1268 aptare,
475 1193 609 1266 ferroque,
631 1211 687 1249 non
704 1211 780 1264 auro,
795 1209 958 1265 recuperare
971 1191 1087 1266 patriam
1104 1190 1149 1266 ju·

210 1270 266 1336 bet,
281 1271 310 1326 in
324 1282 474 1349 con-spectu
497 1270 631 1327 habentes
644 1271 709 1326 sana
726 1269 826 1339 Derim,
841 1282 869 1326 et
882 1270 1024 1344 conjuges,
1038 1280 1066 1327 et
1078 1269 1146 1325 libe·

209 1365 263 1416 ros,
288 1359 316 1406 et
329 1349 417 1406 solum
438 1349 532 1423 patriae
545 1348 667 1405 deforme
682 1347 746 1404 belli
760 1348 849 1414 malis,
863 1358 890 1404 et
904 1342 1006 1415 omnia,
1020 1367 1080 1422 quae
1100 1348 1147 1404 de·

209 1426 286 1483 fendi
300 1427 441 1500 repetique
454 1438 482 1483 et
496 1427 593 1484 ulcisci
606 1427 647 1482 fas
661 1427 703 1483 sit.
745 1427 861 1482 Instruit
878 1426 979 1482 deinde
1003 1427 1100 1496 aciem,
1115 1437 1146 1484 ut

208 1504 262 1561 loci
276 1515 376 1562 natura
389 1505 552 1579 patiebatur,
574 1505 602 1561 in
624 1505 762 1561 semirutae
778 1504 836 1561 solo
850 1504 936 1571 urbis,
950 1515 979 1560 et
992 1505 1091 1560 naturai
1104 1503 1146 1560 in·

176 1583 317 1656 teequali;
338 1593 367 1640 et
379 1583 482 1654 omnia,
496 1601 557 1657 quae
571 1593 629 1640 arte
643 1583 708 1639 belli
721 1583 846 1638 secunda
859 1583 918 1639 suis
932 1583 997 1657 eligi
1011 1600 1146 1657 praepara·

160 1711 163 1718 r
208 1661 264 1717 rire
278 1671 414 1736 poterant,
429 1661 554 1735 providit.
583 1660 665 1731 Galli,
681 1661 752 1718 nord
767 1679 796 1717 re
811 1661 919 1734 trepidi,
934 1679 1009 1716 arma
1019 1661 1143 1735 capiunt,

207 1738 301 1812 irdque
316 1739 413 1814 magis,
427 1738 510 1813 quiam
529 1740 654 1810 consilio,
679 1738 707 1794 in
729 1739 873 1795 Romanos
886 1739 1039 1796 incurrunt.
1080 1738 1144 1796 Jarn

207 1827 325 1874 verterat
338 1818 456 1884 lortuna,
468 1818 525 1893 jam
540 1818 663 1875 Deorum
686 1835 753 1892 opes
766 1817 941 1891 humanaque
955 1817 1071 1874 consilia
1084 1836 1143 1874 rem

207 1894 364 1952 Romanam
379 1896 555 1971 adjuvabant
596 1895 685 1970 Igitur
698 1895 787 1970 primo
799 1913 938 1952 concursu
945 1895 1025 1976 ‘haud
1040 1896 1142 1970 majore

172 1983 347 2030 aomomeuto
359 1971 414 2029 susi
427 1973 501 2029 Galli
524 1984 597 2040 sunt,
620 1972 702 2046 quarn
722 1973 757 2030 ad
770 1973 873 2030 Alliam
887 1973 1018 2030 vicerant.
1058 1972 1143 2030 Justi·

205 2068 254 2107 ore
267 2049 354 2106 altero
371 2049 472 2107 deinde
489 2051 584 2125 prroelio
607 2052 641 2107 ad
664 2060 792 2108 octavum
816 2051 934 2126 lapidem
956 2051 1067 2108 Gabinia
1087 2051 1141 2118 viai,

205 2125 259 2201 qud
273 2145 302 2184 se
315 2145 351 2184 ex
365 2127 429 2204 fugi
443 2128 627 2196 contulerant,
641 2129 765 2204 ejusdem
788 2130 875 2186 ductu
898 2130 1074 2204 auspicioque
1087 2129 1142 2187 Ca·

205 2205 274 2262 milli
289 2206 446 2262 vincuntur.
487 2205 531 2262 lbi
548 2207 640 2262 caedes
651 2207 746 2263 omnia
758 2207 896 2264 obtinuit:
925 2219 1014 2265 castra
1027 2209 1142 2283 capiun-

204 2293 256 2353 tur,
271 2293 347 2340 etna
361 2283 476 2340 nuntius
491 2283 604 2358 quidem
618 2283 705 2340 cladis
718 2284 838 2340 relictus.
878 2285 1012 2355 Dictator,
1027 2304 1141 2360 recupe-

170 2376 195 2416 aa
204 2363 262 2419 rata
277 2381 312 2418 ex
325 2362 450 2419 hostibus
463 2362 561 2435 patriai,
576 2362 749 2436 triumphans
770 2362 798 2418 in
812 2361 916 2420 Urbem
939 2363 1026 2432 redit;
1057 2365 1142 2422 inter-

202 2457 256 2514 que
277 2441 355 2515 jooos
379 2439 520 2506 militares,
541 2459 610 2515 quos
630 2440 788 2497 inconditos
807 2441 925 2516 jaciunt,
949 2441 1088 2500 Romulae
1107 2461 1142 2500 ac

202 2536 303 2593 parens
316 2517 419 2592 patriae,
434 2518 615 2593 conditorque
629 2519 697 2575 alter
718 2519 803 2591 urbis,
824 2520 897 2577 haud
921 2515 998 2577 variis
1011 2521 1142 2578 laudibus

203 2596 362 2671 appellatur.
404 2597 547 2654 Servatam
561 2597 664 2654 deinde
685 2595 758 2654 bello
769 2598 885 2672 patriam
909 2599 1007 2656 iterum
1025 2600 1055 2657 in
1069 2619 1140 2676 pace

202 2673 277 2730 haud
291 2674 375 2732 dubie
389 2675 515 2742 servarit,
536 2693 621 2750 quarn
643 2675 783 2750 prohibuit
803 2676 914 2752 migrari
928 2678 1022 2753 Vejos,
1045 2690 1074 2736 et
1093 2678 1141 2736 tri·

169 2765 193 2805 at
203 2751 284 2808 bunis
297 2771 355 2808 rem
369 2752 501 2810 intentide
515 2754 662 2829 agentibus
685 2767 746 2828 post
766 2754 909 2812 incensam
923 2755 1037 2828 Urbem,
1050 2767 1079 2813 et
1090 2775 1142 2830 per

202 2847 232 2886 se
247 2830 382 2886 inclinati
394 2832 482 2906 magis
495 2832 576 2906 plebe
589 2833 624 2888 ad
647 2832 675 2888 id
689 2832 834 2890 consilium
848 2853 854 2890 :
882 2853 970 2908 eaque
982 2852 1068 2894 causa
1087 2834 1140 2890 luit

201 2926 257 2965 non
272 2908 436 2964 abdicandae
451 2919 511 2983 post
533 2910 701 2984 triumphum
714 2910 868 2984 dictatore,
882 2923 979 2968 senatu
992 2911 1140 2970 obsecran·
1166 2977 1169 2982 ¹

200 2995 237 3059 te,
251 3005 287 3044 ne
301 2986 502 3062 rempublicam
515 2987 545 3045 in
560 2987 666 3045 incerto
679 2987 846 3063 relinqueret
859 2999 939 3047 statu.

237 3142 270 3200 L.
303 3143 439 3202 Omnium
459 3144 590 3220 primurn,
604 3155 707 3206 uteret
725 3146 953 3224 diligentissimus
973 3148 1138 3224 religionum

165 3222 380 3296 occultamque
408 3222 442 3280 ad
472 3223 547 3282 Deos
570 3224 739 3283 immortales
759 3226 943 3302 pertinebant,
963 3229 1077 3297 retulit;
1109 3239 1138 3286 et

198 3301 478 3360 senatuis-consultum
492 3302 569 3370 lacit,
592 3313 610 3340 ‘⁸
622 3303 702 3361 Faue
713 3305 816 3374 omnia,
837 3301 910 3380 quod
930 3323 965 3363 aa
977 3307 1063 3364 hostis
1076 3325 1138 3381 pos-

102 3375 105 3392 ¹
200 3386 219 3414 “
228 3379 353 3452 sedisset,
364 3379 586 3450 restituerentur,
598 3383 820 3454 terminarentur,
831 3383 1069 3460 expiarenturque,
1088 3401 1137 3440 en·
1187 3404 1189 3417 ¹

199 3454 365 3548 “piatioque
378 3475 475 3548 eorum
489 3459 519 3550 in
532 3459 609 3519 libris
622 3479 671 3553 per
685 3461 843 3520 duumviros
855 3475 1040 3538 quereretur:
1057 3479 1136 3552 ¹curn

163 3532 1137 3678 t12latitabit:la'lltlltzttarldrt¹³⁰¹’tllt:

124 3667 128 3676 ⁸
198 3689 400 3750 “intermissus
413 3694 501 3753 honos
522 3635 613 3753 Dedin
627 3637 930 3756 immbrtaliumoeqsaet:J
952 3637 1136 3774 ldiiipCapito·

186 3765 275 3842 u‘rlini
287 3767 395 3841 flerent,
419 3773 494 3849 qudd
517 3774 628 3852 Jupiter
640 3775 770 3852 Optimus
784 3775 925 3835 Maximus
937 3793 1017 3836 suam
1029 3777 1135 3844 amoma

1310 2747 1311 2774 l

1309 2779 1311 2808 l
