2620 4200
500 377 603 426 uranu
616 377 671 426 xc.
703 361 843 426 orexin.
1092 379 1150 438 275

217 522 237 558 “
247 539 302 596 quo
315 529 464 577 accusatus
477 537 548 587 sum,
562 519 597 576 ad
611 518 845 595 cognoscendum,
859 515 925 591 quid
947 527 1082 592 ageretur,
1103 519 1151 576 ha·

218 602 237 636 ‘⁸
249 598 304 655 bui.
344 597 447 654 Utrum
462 609 600 654 momento
611 597 737 655 illohorae
746 605 934 652 accusatorem
948 595 1092 652 audireml
1113 615 1150 654 an

218 675 439 733 “defensionem
452 675 623 734 meditarer?
663 674 805 730 Attonitus
828 672 971 747 repentino
991 682 1071 746 atque
1092 673 1151 732 ino·

218 754 340 828 “picato
353 753 435 820 malo,
449 753 505 820 vix,
526 753 591 826 quid
610 752 785 828 objiceretur,
806 750 959 826 intelligere
978 751 1073 825 potui3
1103 770 1152 809 ne-

182 850 198 890 s
219 832 316 888 “dum
330 831 396 887 satis
416 830 512 898 sciam,
533 849 586 904 quo
606 831 688 888 modo
708 849 752 885 me
778 839 865 885 tuear.
904 828 984 888 Quid
1005 828 1073 885 mihi
1094 830 1152 904 spei

218 912 239 946 “
249 919 332 982 esset,
347 909 401 964 nisi
414 919 519 983 patrem
538 909 662 983 judicem
683 907 832 964 habereml
862 906 934 980 apud
948 925 1030 980 quem
1044 907 1153 965 etiamsi

219 987 365 1043 “caritate
386 1005 402 1042 a
421 986 502 1042 fratre
522 989 624 1062 majore
645 986 749 1052 vincor,
779 984 966 1040 misericordia
995 984 1069 1042 certe
1089 1004 1154 1042 reus

220 1064 324 1120 “vinci
345 1083 400 1120 non
421 1064 516 1121 debeo.
558 1065 619 1140 Ego
639 1064 724 1129 enim,
745 1074 775 1119 ut
789 1081 832 1118 me
853 1062 920 1118 mibi
934 1061 1037 1136 tibique
1051 1081 1153 1135 serves,

219 1145 239 1178 “
249 1143 365 1216 precor·
387 1141 441 1212 ille,
460 1154 496 1198 ut
509 1161 553 1200 me
566 1143 594 1199 in
609 1141 785 1198 securitatem
799 1159 876 1196 suam
889 1140 1011 1206 occidas,
1026 1141 1153 1214 postulat.

187 1219 329 1280 nt‘Quid
352 1238 427 1285 eum,
447 1239 540 1309 quum
554 1239 671 1295 regnum
691 1219 717 1274 ei
738 1217 891 1289 tradideris,
906 1218 1042 1274 facturum
1062 1218 1154 1275 credis

220 1297 279 1354 “in
299 1316 344 1354 me
365 1316 435 1364 esse,
456 1298 503 1371 qui
530 1298 589 1374 jam
608 1317 685 1354 nunc
705 1295 840 1371 sanguine
861 1314 923 1352 meo
943 1293 995 1351 sibi
1016 1295 1154 1371 indulgeri

220 1376 513 1450 “aequumcensett”
588 1403 591 1407 ·

259 1529 341 1587 XVI.
375 1530 489 1588 Dicenti
503 1533 563 1588 haec
577 1532 705 1606 lacrymae
726 1530 806 1587 simul
828 1529 953 1604 spiritum
966 1539 994 1586 et
1006 1547 1102 1586 vocem
1115 1529 1157 1586 in·

221 1608 415 1666 tercluserunt.
455 1609 606 1699 Philippus,
628 1609 801 1666 submotis
784 1627 827 1679 ne,
848 1608 984 1682 paulisper
1004 1607 1156 1665 collocutus

189 1705 286 1749 ascum
300 1686 407 1752 amicis,
421 1688 620 1764 pronuntiavit,
641 1694 659 1722 “
669 1687 734 1744 Non
749 1654 838 1741 verbis
858 1705 897 1757 se,
918 1705 971 1742 nec
985 1685 1067 1742 unius
1082 1687 1156 1743 horte

221 1769 240 1800 “
252 1764 462 1852 disceptatione,
477 1784 589 1824 causam
602 1784 698 1822 eorum
712 1732 936 1839 dijudicaturriur,
955 1763 1025 1820 sed
1019 1763 1157 1836 inquiren·
1183 1827 1184 1830 Ἴ

222 1846 241 1878 “
252 1842 307 1898 do
302 1861 330 1897 m
345 1842 485 1915 utriusque
499 1844 592 1913 vitam,
607 1862 705 1909 mores,
719 1854 747 1898 et
760 1842 835 1897 dicta
849 1841 1005 1914 lectaque'
999 1859 1027 1896 m
1049 1843 1157 1916 magnis

160 1933 162 1938 '
222 1919 397 1994 “parvisque
411 1921 493 1976 rebus
506 1921 719 1977 observando:”
741 1931 770 1975 ut
783 1920 911 1975 omnibus
926 1929 1075 1992 appareret,
1092 1937 1158 1976 uoc-

222 1996 257 2053 tis
270 1997 402 2071 proximas
416 1997 521 2053 crimen
536 1997 615 2054 facile
630 1997 780 2062 revictum3
795 2007 950 2070 suspectam
965 1996 1078 2052 nimiam
1093 2015 1158 2053 cum

188 2101 213 2140 20
222 2074 361 2132 Romanis
376 2074 509 2130 Demetrii
523 2076 639 2148 gratiam
653 2094 721 2131 esse.
762 2074 842 2139 Haec,
861 2074 922 2130 rivo
935 2073 1071 2147 Philippo,
1084 2074 1159 2130 velut

223 2152 331 2208 semina
342 2152 418 2226 jacta
431 2163 495 2208 sunt
509 2152 686 2209 Macedonici
700 2152 774 2218 belli,
789 2151 861 2225 quod
880 2149 1002 2207 maxime
1017 2170 1081 2208 cum
1095 2152 1159 2209 Per·

223 2248 272 2286 seo
285 2229 438 2304 gerendum
452 2241 519 2286 erat.
561 2271 681 2288 .....

189 2427 215 2463 7
263 2384 374 2440 XXIV.
396 2384 568 2441 Demetrium
583 2386 681 2456 iterum
695 2387 730 2442 ad
744 2396 850 2460 patrem
871 2385 1013 2442 accusavit
1034 2385 1160 2444 Perseus.

190 2468 209 2534 ξ
225 2501 348 2518 .....
389 2463 466 2519 Nibil
481 2474 573 2518 tamen
596 2448 686 2538 palam
710 2464 821 2538 gravius
844 2463 1049 2538 pronuntiatum
1072 2464 1106 2519 de
1127 2482 1161 2522 eo

196 2572 209 2596 ο
203 2550 277 2606 ‘est,
289 2550 320 2595 ut
330 2540 393 2596 dolo
404 2541 493 2614 potius
505 2541 713 2598 interficeretur.
751 2580 872 2597 .....
900 2541 946 2596 Ab
960 2541 1161 2598 Thessalonice

196 2629 210 2656 ⁴
225 2617 453 2673 Demetriadem
448 2619 498 2692 ipsi
512 2638 596 2691 quum
611 2620 661 2675 iter
674 2629 756 2684 esset,
771 2619 910 2675 Astraeum
929 2615 1047 2675 Paeoniae
1061 2619 1162 2676 Deme·

191 2695 308 2751 'trium
324 2695 407 2754 mittit
421 2715 485 2750 cum
499 2697 597 2752 eodem
611 2697 711 2753 comite
723 2697 806 2766 Dida,
818 2697 951 2753 Perseum
963 2697 1161 2771 Amphipolim,

191 2723 211 2794 ἒ
197 2773 261 2852 „ad
274 2772 386 2829 obsides
400 2773 544 2828 Thracum
559 2775 744 2848 accipiendos.
785 2743 973 2848 Digredienti
982 2775 1017 2830 ab
1038 2793 1067 2830 se
1081 2774 1163 2830 Didae

191 2885 218 2934 Ξ
197 2827 357 2906 mandata
373 2850 482 2905 dedisse
496 2851 564 2906 dicit
553 2861 596 2906 tur
617 2853 652 2906 de
666 2852 721 2908 filio
734 2852 897 2909 occidendo
939 2851 1114 2907 Sacrificium
1128 2853 1163 2908 ab

190 2953 217 2990 30
191 2917 301 2983 Dida
315 2947 363 2983 seu
377 2927 543 2994 institutum,
558 2947 606 2984 seu
621 2929 779 2986 simulatum
793 2940 852 2997 est;
884 2929 918 2984 ad
937 2929 1008 3002 quod
1023 2929 1164 2986 celebrcn·

227 3005 294 3060 dum
309 3005 440 3061 invitatus
454 3004 612 3062 Demetrius
633 3008 668 3062 ab
689 3009 798 3064 Astraeo
823 3007 989 3065 Heracleam
1004 3007 1088 3063 venit.
1128 3007 1164 3064 In

226 3083 262 3138 eal
276 3085 357 3138 coenb
371 3083 472 3139 dicitur
486 3103 623 3140 venenum
646 3085 750 3141 datum.
792 3084 895 3140 Poculo
913 3081 1003 3174 epoto',
1027 3086 1164 3160 extemplo

227 3161 333 3216 sensit·
355 3171 382 3216 et
396 3179 460 3216 mox
473 3162 573 3217 coortis
586 3162 734 3232 doloribus,
759 3163 854 3219 relicto
877 3161 1012 3229 convivio,
1035 3182 1120 3237 quum
1134 3163 1164 3220 in

228 3237 391 3293 cubiculum
405 3239 555 3312 recepisset
567 3259 637 3310 sese,
662 3242 853 3296 crudelitatem
875 3241 961 3314 patris
981 3259 1164 3316 conquerens,

192 3315 408 3389 aeparricidium
423 3315 520 3385 fratris,
542 3335 575 3372 ac
599 3285 679 3373 Didae
703 3319 822 3373 scelus'
816 3337 956 3387 incusans,
980 3321 1165 3393 torquebatur.

229 3393 385 3449 Intromissi
409 3394 510 3448 deinde
532 3395 649 3468 Thyrsis
662 3395 771 3469 quidam
797 3365 956 3452 stuberaeus'
979 3407 1007 3453 et
1026 3397 1166 3454 Beroeaeus

229 3470 423 3526 Alexander
395 3471 502 3544 ,inject
504 3491 526 3526 rs
539 3474 704 3545 tapetibus
698 3493 726 3530 m
751 3483 833 3547 caput
858 3473 1016 3548 faucesque,
1040 3474 1167 3549 spiritum

230 3548 455 3604 intercluserunt
496 3548 566 3604 Ita
560 3552 690 3606 innoxius
711 3552 882 3617 adolescens,
908 3571 992 3641 quum
1019 3552 1048 3608 in
1075 3572 1108 3610 eo
1130 3571 1167 3610 ne

231 3625 351 3758 εἰιηρίὲοί
373 3625 484 3699 quidem
510 3645 613 3700 genere
636 3629 730 3685 mortis
756 3629 879 3686 contenti
906 3629 1014 3688 inimici
1040 3629 1166 3700 fuissent,

197 3714 304 3770 rornter
326 3714 404 3760 citur.

590 3847 815 3859 ——-—-—..-
