2622 4194
481 405 484 410 ,
526 325 629 380 arnan
644 325 677 378 11
694 341 752 380 css.
762 341 845 380 urrr.
1105 331 1143 390 'n

210 471 311 550 potiris,
337 467 417 548 quim
442 469 586 546 postmodo
605 469 744 531 voluntate
762 469 871 530 afflictis
895 467 998 528 civium
1029 488 1143 532 suorum

212 550 329 608 fortunis
342 547 523 612 cousuluisse.
563 547 699 608 Concioni
713 548 815 606 deinde
829 548 920 608 edicto
928 547 1035 607 addidit
1047 549 1142 618 iidem,

213 647 267 706 quo
279 627 372 699 edixit,
386 625 459 684 “Ne
473 625 533 700 quis
543 624 636 684 civem
649 626 810 684 Romanum
818 627 941 686 vinctum
954 637 1000 684 aut
1015 625 1142 685 clausum

202 711 233 780 ‘⁸¹‘
244 714 347 764 teneret
369 703 424 780 qud
437 703 539 762 minus
552 703 579 760 ei
601 703 720 768 nominis
742 703 844 762 edendi
867 704 941 780 apud
954 705 1083 765 consules
1095 723 1143 780 po-

178 789 231 848 ¹r“
241 795 322 842 testas
334 749 421 840 lieret.
461 778 506 840 Ne
519 781 580 856 quis
594 781 697 849 militis,
711 782 801 842 donec
814 783 844 844 in
862 781 959 842 castris
972 793 1054 851 esset,
1069 783 1143 840 bona

210 867 228 900 “
236 860 399 937 possideret,
413 871 460 917 aut
473 861 621 929 venderet;
649 858 750 918 liberos
772 871 919 936 nepotesve
939 859 1000 937 ejus
1023 880 1142 919 morare·

207 943 224 977 “
234 941 305 996 tur.''
347 938 412 996 Hoc
424 939 562 1014 proposito
574 938 675 1004 edicto,
689 949 725 1008 et,
739 937 785 1014 qui
800 939 924 1012 aderant,
942 939 1007 996 nexi
1020 939 1140 1015 profiteri

120 1067 123 1072 .
204 1015 344 1094 extemplo
357 1015 486 1086 nomina3
519 1026 548 1074 et
568 1015 689 1092 undique
712 1035 748 1073 ex
770 1017 828 1082 totis
849 1017 916 1076 urbe
930 1017 1140 1094 proripientium

135 1153 136 1160 ,
200 1113 283 1172 ,seer
302 1095 415 1172 privato,
429 1114 513 1170 quum
528 1093 666 1152 retinendi
686 1095 732 1171 jus
744 1094 874 1154 creditori
894 1114 950 1158 nou
971 1107 1052 1164 esset¹
1073 1115 1140 1154 con·

172 1196 197 1236 ro
205 1191 303 1232 cursus
316 1173 345 1231 in
367 1173 465 1240 sorum,
486 1183 517 1230 ut
535 1183 709 1230 sacramento
729 1173 864 1246 dicerent,
878 1173 946 1232 fieri.
988 1173 1093 1250 Magna
1104 1192 1140 1231 es

206 1269 306 1308 manus
318 1251 389 1320 suit;
409 1269 498 1324 neque
513 1251 626 1308 aliorum
640 1251 728 1328 magis
748 1250 778 1309 in
802 1251 904 1310 Volsco
917 1251 989 1310 bello
1002 1252 1087 1312 virtus
1100 1263 1139 1310 at·

203 1346 259 1406 ,que
272 1347 355 1405 opera
367 1329 474 1387 enituit.
515 1367 634 1386 .....

217 1451 845 1556 [effipsssvammfflsmm.
857 1439 1138 1497 suammet

241 1569 368 1628 XXVII.
402 1570 485 1628 Fusis
510 1559 662 1643 Auruncis,
687 1569 773 1627 victor
793 1581 833 1629 tot
858 1571 930 1630 intra
951 1589 1055 1646 paucos
1075 1573 1137 1632 dies

137 1675 143 1681 ·
202 1647 281 1706 bellis
294 1647 440 1717 Romanus
452 1647 713 1723 promissaconsulis
723 1649 859 1724 fidemque
869 1651 981 1708 senatus
990 1662 1137 1726 exspecta·

170 1726 266 1786 rabat:
297 1746 381 1801 quum
395 1727 513 1802 Appius,
527 1737 555 1784 et
567 1725 651 1784 insitii
664 1726 790 1802 superbiri
804 1727 906 1800 animo,
927 1739 955 1786 et
975 1740 1006 1786 ut
1019 1729 1135 1806 college

202 1823 299 1862 vanarn
313 1805 520 1876 saonensem,
535 1805 616 1880 quim
630 1806 776 1880 asperrime
789 1816 905 1881 poterat,
914 1805 962 1882 jus
971 1807 1006 1864 de
1020 1809 1135 1868 creditis

200 1883 327 1957 pecuniis
340 1884 452 1942 dicere:
483 1883 616 1960 deinceps
629 1893 664 1949 er,
678 1883 723 1958 qni
746 1885 810 1942 antri
832 1885 897 1942 nexi
911 1885 1030 1958 fueraut,
1044 1887 1135 1944 credi·

200 1962 305 2018 toribus
317 1962 504 2032 tradebantur,
519 1972 547 2018 et
556 1962 736 2028 nectebantur
747 1962 803 2021 alii.
842 1962 929 2023 Quod
943 1962 991 2020 ubi
1003 1963 1050 2020 cui
1064 1964 1135 2022 ruili-

200 2039 222 2094 ti
242 2038 387 2105 inciderat,
407 2039 541 2114 collegam
561 2038 729 2115 appellabat:
755 2058 909 2099 concursus
929 2040 964 2114 ad
985 2041 1133 2100 Servilium

165 2115 303 2174 saliebat:
324 2115 398 2172 illins
407 2116 541 2190 promissa
548 2117 708 2190 jactabantr
728 2117 767 2176 illi
780 2118 983 2194 exprobrabant
994 2138 1046 2176 sua
1058 2120 1134 2193 quis·

198 2212 253 2270 que
267 2192 331 2251 belli
344 2193 452 2259 merita,
464 2193 661 2267 cicatricesque
675 2207 818 2269 acceptas:
843 2197 1025 2270 postulabant,
1040 2209 1071 2256 ut
1084 2209 1133 2256 aut

198 2271 313 2328 referret
325 2272 360 2328 ad
374 2281 511 2336 senatum,
525 2280 573 2328 aut
585 2281 616 2327 ut
629 2270 730 2328 auxilio
743 2287 816 2328 esset
832 2273 929 2331 consul
943 2273 1050 2331 civibus
1063 2275 1131 2342 suis,

198 2349 344 2424 imperator
358 2348 501 2406 militibus.
541 2347 693 2418 Morebant
715 2347 855 2406 consulem
875 2350 952 2407 haec:
980 2351 1029 2408 sed
1049 2351 1133 2428 tergi·

197 2427 298 2485 versari
312 2447 356 2486 res
369 2428 503 2504 cogebat3
536 2423 606 2484 aded
629 2426 658 2484 in
682 2425 794 2484 alteram
816 2446 929 2486 causam
951 2447 1008 2487 non
1023 2428 1132 2506 collega

163 2519 189 2562 as
198 2505 285 2563 solum
299 2525 423 2582 preceps
436 2505 514 2574 ierat,
527 2505 577 2564 sed
595 2504 686 2562 omnis
706 2505 788 2563 factio
801 2505 951 2564 nobilium:
982 2506 1030 2574 ita,
1044 2499 1132 2566 niedi-

197 2602 244 2640 um
258 2603 287 2640 se
300 2583 433 2660 gerendo,
454 2603 508 2642 nec
521 2582 609 2658 plebis
631 2583 725 2642 vitavit
744 2584 847 2656 odium,
869 2603 922 2642 nso
946 2585 1019 2660 apud
1034 2585 1131 2660 Patres
1200 2589 1206 2592 ’

195 2663 311 2737 gratiam
325 2663 395 2721 iniit.
436 2662 531 2720 Patres
544 2661 654 2730 mollem
668 2662 808 2733 consulem
820 2673 850 2720 et
867 2662 1043 2736 ambitiosum
1056 2665 1128 2736 rati;

194 2739 289 2816 plebes
310 2740 455 2799 fallacem:
489 2740 619 2815 brevique
644 2741 776 2815 apparuit,
803 2741 925 2816 requiesse
951 2761 1016 2800 euru
1042 2743 1129 2818 Appii

194 2818 299 2876 odium.
339 2819 488 2876 Certamen
501 2819 662 2876 consulibus
672 2818 815 2888 inciderat,
829 2831 889 2878 uter
899 2819 1042 2878 dedicaret
1053 2819 1127 2877 Mer·

161 2915 186 2954 so
196 2895 267 2952 curii
281 2897 377 2954 aedern.
419 2897 538 2957 Senatus
551 2915 568 2952 a
581 2915 611 2954 se
623 2913 682 2954 rem
696 2897 730 2954 ad
743 2897 872 2974 populum
880 2896 977 2972 rejecit
987 2915 993 2952 :
1003 2941 1005 2962 ,
1014 2896 1068 2954 utri
1081 2915 1128 2956 eo·

194 2991 254 3030 rum
269 2973 408 3032 dedicatio
418 2975 497 3050 jussu
517 2973 609 3051 populi
631 2975 695 3032 data
717 2985 796 3048 esset,
818 2995 881 3033 eum
901 2991 1020 3050 preesse
1043 2993 1128 3033 anno-

133 3095 135 3105 ,
193 3070 246 3120 nae,
262 3063 446 3111 mercatorum
469 3053 616 3129 collegium
631 3053 781 3128 instituere,
795 3051 921 3112 solennia
933 3070 982 3128 pro
995 3052 1127 3127 pontifics
1190 3081 1197 3090 =

190 3129 273 3204 jussit
285 3131 433 3206 suscipere.
474 3131 594 3206 Populus
608 3131 810 3190 dedicationem
830 3131 897 3188 sedis
917 3129 965 3188 dat
981 3129 1022 3188 M.
1035 3129 1126 3192 Laeto-
1216 3186 1219 3194 ,

191 3207 241 3276 rio,
255 3210 337 3284 prirni
351 3209 398 3284 pili
412 3210 584 3278 centurioni:
604 3210 678 3285 qnod
692 3207 770 3267 facile
785 3219 936 3286 appareret,
950 3227 1006 3268 non
1020 3220 1075 3268 tam
1089 3211 1125 3268 ad

158 3305 184 3344 os
193 3285 322 3345 honorem
337 3288 406 3365 ejus,
420 3289 467 3346 cui
487 3288 593 3346 curatio
607 3288 685 3346 altior
699 3287 806 3366 fastigio
824 3298 877 3345 'suo
896 3286 960 3344 data
973 3300 1055 3359 esset,
1069 3287 1130 3346 fac-1

192 3374 259 3434 tum,
272 3365 355 3440 quarn
369 3366 404 3423 ad
427 3367 573 3425 consulum
596 3366 784 3443 ignominiam.
825 3365 927 3424 Sevire
950 3365 1015 3424 iude
1029 3366 1124 3441 utique

192 3444 336 3520 consulum
350 3445 419 3502 alter
437 3443 601 3520 Patraeque:
629 3445 678 3502 sed
702 3443 774 3520 plebi
794 3454 937 3502 creverant
959 3443 1061 3512 animi,
1094 3452 1124 3500 et

191 3518 349 3594 longiledi,
363 3522 447 3598 quiam
461 3521 550 3598 primii
563 3523 747 3590 instituerant,
761 3522 804 3579 vid
817 3524 1020 3598 grassabantur.
1053 3519 1130 3578 Dec·

189 3607 285 3672 perato
298 3601 372 3658 enim
386 3601 531 3660 consulum
543 3601 713 3676 senatdsqne
732 3600 842 3672 auxilio,
859 3621 942 3677 quum
958 3601 986 3658 in
997 3599 1043 3676 jtts
1055 3599 1123 3658 duci

155 3695 181 3739 ro
190 3675 342 3733 debitorem
356 3680 497 3747 vidissent,
510 3679 633 3754 undique
647 3677 847 3738 convolabant:
875 3697 964 3754 neque
978 3678 1122 3736 decretum

188 3755 313 3814 exaudiri
336 3759 456 3818 consulis
479 3755 535 3834 pria
551 3758 664 3834 strepitu
678 3769 706 3816 et
726 3757 846 3818 clamore
865 3765 988 3834 poterat3
1020 3775 1121 3834 neque,
