2638 4206
416 227 422 236 ι
523 208 527 240 l

152 296 208 358 104
368 297 439 347 'l'lTl
451 297 533 346 LlVll
548 297 649 348 LIBER
664 295 709 346 111.
726 304 786 346 cat·
802 308 857 344 mx.

150 437 238 526 latum
251 436 333 495 abiit:
359 456 508 512 manesque
523 437 665 514 Virginiae,
685 446 799 494 mortua
816 434 899 525 ιιιῖιιιι
911 434 980 492 vivre
993 433 1079 494 felici·
1125 495 1127 500 ,

152 514 216 586 oris,
228 533 276 589 per
286 524 326 572 tot
339 515 433 572 domos
446 516 481 571 ad
494 517 626 590 petendas
645 533 742 590 pannas
763 513 862 588 vagati,
886 513 963 571 nullo
982 513 1079 571 relicto
1122 503 1130 590 ἰ

115 661 118 672 1
152 602 240 659 sonte,
253 591 547 666 tandemquieverunt.

191 745 269 803 LIX.
308 746 411 822 Ingens
434 757 524 804 metus
549 747 699 804 incesserat
728 747 832 813 Patres,
856 745 999 820 vultusque
1023 746 1080 822 jam

154 824 239 882 iidem
252 823 424 882 tribunorum
444 835 531 891 erant,
549 825 595 898 qui
619 824 836 882 decemvirorum
858 823 974 890 fuerant,
995 843 1079 898 quum
1101 836 1113 876 ⁵

80 903 84 914 '
155 901 197 959 M.
210 900 330 973 Duilius,
344 902 469 958 tribunus
482 902 579 976 plebis,
602 902 718 959 inhibito
727 901 882 958 salubriter
895 901 976 958 modo
988 901 1081 958 nimiae

155 978 290 1054 potestati,
305 979 369 1035 “Et
381 979 538 1048 libertatis,’'
564 979 659 1052 inquit,
687 985 704 1014 ‘⁸
715 989 822 1046 nostrae,
845 988 873 1034 et
891 997 1034 1052 poenarum
1047 997 1083 1036 ea

157 1061 176 1092 “
185 1055 314 1122 inimicis,
335 1057 401 1113 satis
423 1067 480 1112 est:
518 1056 609 1130 itaque
630 1057 684 1112 hoc
703 1074 776 1112 anno
797 1074 850 1112 nec
868 1055 943 1112 diem
956 1055 1011 1112 dici
1025 1057 1083 1112 cui·
1138 1053 1141 1062 '

157 1137 175 1169 “
183 1152 273 1207 quarn,
288 1152 341 1189 nec
353 1133 384 1190 in
396 1133 505 1190 vincula
518 1135 584 1190 duci
597 1152 760 1206 quemquam
775 1151 835 1188 sum
845 1151 982 1206 passurus.
1009 1132 1083 1190 Nam

157 1215 273 1283 “neque
286 1221 378 1268 vetera
389 1221 504 1285 peccata
514 1211 599 1284 repeti
610 1211 667 1286 jam
677 1210 821 1268 obliterata
830 1211 929 1284 placet,
940 1227 1023 1283 quum
1037 1229 1084 1268 no-
1093 1221 1117 1260 10

12 1345 14 1349 ,
158 1292 176 1323 “
186 1287 397 1362 vaenpiatasint
407 1289 624 1344 decemvirorum
634 1287 774 1361 suppliciis
785 1307 792 1355 3
817 1299 845 1343 et
855 1287 923 1343 nihil
935 1287 1084 1344 admissum

58 1436 60 1442 y
158 1368 177 1401 ‘³
189 1363 221 1420 iri
225 1365 316 1438 ,quod
331 1366 385 1422 vim
395 1365 570 1422 tribuniciam
592 1365 728 1441 desideret
731 1365 863 1438 ,spondet
876 1374 1008 1468 perpetup
1021 1383 1085 1421 con-

158 1409 276 1498 “sulum
302 1443 475 1500 amborum
468 1461 497 1498 m
517 1442 642 1498 libertate
670 1443 758 1498 vestri
784 1442 888 1498 tuenda
910 1443 1002 1498 curaJ’
1042 1441 1085 1498 Ea

158 1517 276 1594 primurn
301 1520 450 1576 moderatio
481 1519 583 1576 tribuni
610 1529 713 1576 metum
739 1519 866 1575 Patribus
889 1507 1015 1611 dempsit,
1041 1538 1085 1575 ea·

159 1597 277 1670 demque
291 1597 369 1654 auxit
386 1597 530 1654 consulum
552 1597 701 1664 invidiam;
737 1594 811 1669 quod
835 1593 903 1652 adeb
927 1595 975 1653 toti
998 1596 1118 1685 plebisl⁵

160 1673 284 1738 fuissent,
299 1684 328 1728 ut
341 1673 453 1730 Petrum
466 1674 561 1730 salutis
574 1674 759 1746 libertatisque
776 1673 848 1768 prior
861 1673 967 1761 plebejo
988 1674 1085 1762 magis·

160 1749 251 1816 tratui,
266 1750 347 1822 quam
360 1751 484 1824 patricio,
498 1769 566 1808 cura
578 1750 692 1818 suisset3
716 1760 746 1806 et
759 1749 823 1806 antd
837 1750 964 1807 inimicos
977 1751 1086 1807 satietas

160 1845 303 1900 paenarum
317 1845 427 1884 suarum
440 1828 566 1902 cepisset,
589 1825 670 1900 quarn
694 1826 803 1884 obviarn
815 1827 901 1884 ituros
911 1828 1030 1885 licentiae
1043 1847 1088 1884 ec·

161 1923 222 1960 rum
235 1904 523 1980 consulesnpparcret.
564 1905 698 1978 Multique
719 1916 804 1975 erant,
824 1905 869 1980 qui
894 1905 1002 1962 mollins
1022 1925 1088 1962 con·

163 1981 263 2039 sultam
276 1982 409 2054 dicerent,
423 1981 494 2056 quod
507 1983 600 2057 legum
614 1982 649 2038 ab
662 1983 695 2039 iis
715 1982 831 2039 latarum
854 1982 948 2039 Patres
962 1991 1122 2040 aucmresau

164 2059 294 2134 fuissent:
320 2078 409 2133 neque
422 2071 480 2118 erat
492 2060 617 2128 dubium,
630 2060 705 2134 quin,
719 2060 827 2118 turbato
837 2059 995 2135 reipublicae
1005 2071 1087 2128 statu,

164 2136 278 2210 tempori
292 2137 509 2196 succubuissent.
