2638 4206
182 351 248 411 -lffl
569 353 639 405 'rm
654 355 736 405 lert

190 493 210 530 “
220 493 321 572 dignus
334 513 440 555 summo
452 497 556 556 honore
569 498 631 565 erit,
646 494 788 573 apiscendi
801 492 901 550 sommi
915 492 1038 564 honoris,
1051 501 1124 552 mere
1161 521 1163 564 ι

193 573 212 606 “
220 575 285 630 urbs
298 576 358 631 haec
371 595 427 631 non
439 575 560 650 poterit!
590 577 626 632 de
639 575 754 650 imperio
767 583 859 630 actum
872 573 937 628 esti
967 583 996 628 et
1008 569 1123 647 perinde

193 651 275 710 “hoc
288 652 367 719 valet,
381 653 505 727 plebcjus
527 671 563 709 ne
584 654 680 710 consul
704 653 759 722 fiat,
784 662 921 724 tamquam
945 667 1053 706 servum
1077 660 1124 706 aut

111 763 114 775 ·
193 729 210 761 “
219 729 377 787 libertinum
392 731 488 804 aliquis
502 731 644 788 consulem
665 731 787 787 futurum
801 728 899 784 dicati
938 727 1048 802 Ecquid
1062 746 1124 783 sen·

192 804 211 840 “
220 808 285 877 titis,
302 808 331 864 in
344 818 446 881 quanto
477 820 637 882 contemptu
670 808 787 864 vivatisl
837 805 923 862 Lucis
942 805 1017 861 vobis
1040 805 1159 880 hujus⁵

192 883 334 960 “partem,
349 886 371 942 si
385 886 476 957 liceat,
490 886 631 942 adimant:
651 883 722 960 quiid
737 883 854 959 spiratis,
868 883 941 956 qued
954 901 1049 939 rocem
1062 883 1125 938 mit·

192 962 211 996 “
221 965 287 1029 titis,
301 963 373 1039 quud
388 962 487 1020 formas
511 965 653 1020 hominum
677 963 792 1034 habetis,
816 962 1004 1036 indignantur.
1043 960 1124 1022 Quin
1176 987 1179 1002 ι

192 1040 212 1074 “
222 1043 304 1098 etiam
320 1041 355 1117 (si
371 1041 431 1096 Diis
445 1042 534 1116 placet
546 1043 567 1119 l)
589 1041 666 1098 nefas
681 1041 758 1098 aiunt
775 1059 846 1111 esse,
869 1037 1011 1096 consulem
1033 1037 1126 1113 plebe-

195 1120 277 1195 “jum
304 1119 371 1176 fieri.
411 1119 535 1176 Obsecro
559 1139 614 1185 vos,
636 1120 728 1175 sinon
752 1119 786 1174 ad
807 1118 899 1184 fastoS,
920 1133 976 1173 non
997 1117 1031 1172 ad
1052 1133 1127 1172 com·

192 1197 369 1254 “monterics
382 1197 543 1272 pontificum
557 1197 742 1263 admittimur3
773 1215 808 1253 ne
828 1215 862 1252 ea
881 1194 992 1268 quidem
1013 1194 1161 1261 scimus,1⁰

194 1277 212 1309 “
221 1293 383 1349 quaeomnes
391 1275 528 1349 peregrini
539 1275 622 1332 etiam
631 1275 741 1331 sciuntl
753 1273 880 1330 consules
888 1273 917 1329 in
927 1273 1019 1328 locum
1031 1289 1126 1347 regum

194 1355 213 1388 “
222 1352 411 1410 successissel
431 1371 484 1408 nec
498 1363 545 1408 aut
556 1353 625 1427 juris
639 1365 687 1408 eut
697 1351 847 1428 majestatis
858 1351 1006 1426 quidquam
1015 1350 1126 1416 habere,

194 1431 293 1506 “quod
314 1449 370 1487 non
391 1430 419 1486 in
439 1430 550 1505 regibus
571 1433 634 1486 ante
655 1431 759 1489 fueriti
807 1429 852 1486 En
877 1446 996 1502 unquam
1016 1427 1127 1484 creditis

195 1509 305 1565 “fando
329 1507 453 1564 auditum
466 1527 536 1578 esse,
557 1508 680 1564 Numam
703 1507 878 1582 Pompilium,
899 1525 956 1562 non
971 1505 1052 1562 modii
1071 1523 1128 1562 non

196 1596 212 1622 ‘⁴
221 1587 377 1661 patricium,
392 1586 440 1641 sed
462 1605 497 1642 ne
521 1587 610 1642 civem
636 1587 745 1660 quidem
773 1585 943 1653 Romanum,
969 1603 1003 1640 ex
1025 1583 1129 1641 Sabino
1139 1590 1162 1630 15

195 1673 288 1738 “agro
309 1664 438 1732 accitum,
465 1665 557 1738 populi
581 1665 669 1738 jussu,
692 1663 818 1719 Patribus
842 1661 1009 1734 auctoribus,
1030 1661 1129 1718 Romae

195 1743 375 1815 “regnasset
416 1741 449 1796 L.
463 1741 564 1797 deinde
589 1741 783 1814 Tarquinium,
806 1759 863 1796 non
886 1741 1023 1797 Romane
1038 1738 1129 1810 modo,

196 1820 271 1874 “sed
286 1837 320 1874 ne
335 1815 439 1873 Italicae
460 1819 571 1891 quidem
594 1819 694 1893 gentis
716 1819 859 1880 Demarati
882 1817 1018 1874 Corinthii
1033 1817 1129 1886 filium,
1182 1885 1183 1890 ἵ

197 1897 341 1953 “incolam
356 1896 390 1952 ab
404 1895 574 1969 Tarquiniis,
595 1897 663 1952 vivis
676 1896 770 1952 liberis
793 1896 878 1965 Anci,
892 1915 985 1972 regem
1005 1895 1130 1952 factumi

197 1977 213 2004 ‘⁸
224 1976 282 2030 Ser.
297 1973 422 2030 Tullium
436 1985 496 2048 post
510 1975 593 2044 hunc,
608 1975 714 2048 captivi
728 1974 915 2031 Corniculani
935 1986 1041 2045 natum,
1055 1984 1130 2048 patre
1139 1981 1164 2019 ω

198 2052 307 2121 “nullo,
331 2062 418 2107 matre
444 2053 530 2116 servi,
558 2052 679 2126 ingenio,
706 2054 804 2108 virtute
831 2071 948 2127 regnum
980 2051 1128 2108 tenuisset

197 2129 302 2191 “Quid
316 2130 391 2185 enim
405 2130 439 2184 de
453 2129 490 2185 Τ.
505 2129 589 2186 Tatio
603 2131 707 2186 Sabino
730 2131 830 2199 dicam,
852 2149 933 2203 quem
955 2129 1012 2204 ipse
1027 2129 1132 2186 Romu·

199 2207 215 2232 ‘¹
224 2208 277 2279 lus,
301 2226 400 2282 parens
424 2207 509 2278 urbis,
534 2208 562 2263 in
593 2209 753 2265 societatem
777 2209 855 2283 regni
879 2209 1008 2281 accepitl
1048 2207 1130 2283 Ergo,

199 2284 215 2308 ‘⁶
225 2287 291 2342 dum
305 2285 410 2341 nullum
425 2285 561 2341 fastiditur
575 2305 672 2360 genus,
687 2287 716 2342 in
734 2305 788 2360 quo
800 2286 917 2342 eniteret
930 2286 1024 2352 virtus,
1048 2285 1133 2342 crevit

197 2353 216 2387 “
227 2364 371 2438 imperium
386 2363 554 2422 Romanum.
596 2363 732 2421 Poeniteat
745 2383 821 2420 nunc
833 2363 988 2438 vosplebeji
1002 2363 1131 2429 consulis,
1141 2368 1166 2406 2⁵

199 2434 217 2466 ‘⁴
228 2460 311 2515 quum
327 2441 442 2514 rnejores
456 2442 542 2497 nostri
556 2443 675 2497 advenas
695 2461 775 2516 reges
798 2461 854 2497 non
869 2441 1041 2507 fastidierint,
1057 2452 1084 2496 et
1097 2459 1133 2496 ne

199 2509 339 2592 “regibus
352 2518 463 2590 quidem
477 2520 581 2574 exactis
602 2519 696 2576 clausa
713 2521 778 2576 urbs
792 2519 874 2575 fuerit
887 2519 1039 2594 peregrinas
1053 2518 1134 2574 virtu-

200 2589 256 2651 “ti.
298 2595 443 2651 Claudiam
458 2595 531 2651 certe
552 2607 673 2670 gentem,
698 2608 758 2672 post
778 2615 857 2671 reges
870 2606 994 2668 exactos,
1008 2615 1042 2652 ex
1056 2595 1134 2652 Sabi·

199 2665 219 2699 “
229 2673 273 2728 nis
286 2691 342 2740 non
357 2673 385 2728 in
400 2673 537 2729 civitatem
552 2673 633 2729 modo
657 2674 825 2748 accepimus,
848 2676 896 2730 sed
914 2675 998 2731 etiarn
1011 2674 1039 2730 in
1052 2672 1134 2748 patri-

200 2745 334 2806 “ciorum
345 2769 499 2808 numerum.
540 2751 583 2806 Ex
597 2751 778 2826 peregrinone
802 2753 942 2827 patriciuS,
954 2751 1055 2808 deinde
1068 2769 1133 2808 con·
1143 2755 1169 2794 ³⁰

201 2825 272 2885 “sul
288 2829 357 2884 fiart
379 2829 447 2884 civis
461 2829 606 2884 Romanus
620 2829 643 2884 si
657 2831 692 2885 sit
702 2848 736 2885 ex
750 2830 840 2904 plebe,
855 2831 968 2905 praecisa
977 2829 1135 2887 consulatus

201 2903 292 2982 “spes
306 2907 378 2963 eritl
418 2906 521 2963 Utrum
542 2908 654 2964 tandem
677 2927 733 2964 non
757 2908 896 2964 credimus
916 2909 975 2964 fieri
994 2926 1084 2982 posse,
1105 2919 1135 2962 ut

203 2982 270 3040 “vir
284 2985 359 3041 fortis
374 3004 406 3040 nc
429 2996 566 3055 strenuae,
588 3004 656 3059 pace
670 2985 795 3058 belloque
820 2985 915 3056 bonus,
936 2984 1079 3058 explebe,
1101 2984 1138 3040 sit

202 3059 221 3091 “
231 3061 341 3132 Numae,
363 3063 395 3118 L.
410 3062 573 3136 Tarquinio,
597 3064 656 3118 Ser.
670 3063 765 3119 Tullio
779 3063 894 3119 similist
934 3065 979 3118 An
994 3080 1038 3132 ne,
1053 3060 1076 3116 si
1091 3061 1136 3127 sit,

188 3137 221 3170 “‘
230 3139 341 3212 quidem
363 3141 397 3195 ad
420 3139 609 3214 gubernacula
631 3139 789 3213 reipublicae
810 3141 945 3206 accedere
967 3157 1030 3195 eum
1051 3138 1172 3214 palie-³⁵

204 3217 222 3247 “
233 3217 314 3271 muri
354 3217 498 3292 potiusque
519 3218 692 3284 decemviris,
721 3217 866 3274 teterrimis
896 3217 1060 3288 mortalium,
1090 3215 1138 3290 qui

204 3294 223 3327 “
233 3303 291 3349 tum
304 3311 401 3350 omnes
414 3314 448 3350 ex
462 3295 588 3352 Patribus
608 3305 696 3360 erunt,
717 3295 798 3369 quim
811 3295 921 3369 optimis
942 3313 1039 3370 regum
1060 3295 1139 3352 noris

205 3373 223 3407 “
232 3369 401 3441 hominibus
415 3373 518 3429 similes
532 3372 659 3430 consules
672 3391 767 3432 sumus
781 3372 923 3430 habituri?
1159 3369 1187 3451 pl

244 3528 296 3586 IV.
316 3530 336 3563 “
348 3528 387 3585 At
399 3529 474 3586 enim
488 3549 579 3597 nemo,
593 3540 652 3603 post
673 3549 752 3607 reges
765 3542 886 3603 exactos,
900 3530 935 3587 de
948 3530 1028 3606 plebe
1042 3529 1139 3589 consul

206 3607 225 3641 “
235 3606 294 3663 fuit.
334 3603 414 3669 Quid
428 3609 543 3681 posteat
583 3606 704 3664 Nullane
718 3627 762 3665 res
774 3628 845 3666 nova
857 3609 964 3667 institui
976 3609 1081 3666 debetl
1103 3619 1139 3678 et,
1150 3612 1177 3654 ⁴⁰

206 3684 225 3718 “
234 3685 306 3756 quod
320 3683 444 3740 nondum
457 3696 499 3740 est
512 3685 614 3742 factum
639 3683 739 3761 (multa
751 3687 826 3743 enim
850 3689 975 3745 nondum
990 3697 1054 3744 sunt
1069 3685 1144 3741 facta

207 3761 265 3818 “in
279 3779 351 3819 noro
364 3761 487 3838 populo),
500 3781 534 3820 ea
546 3781 592 3834 na,
606 3761 630 3820 si
644 3764 720 3820 utilia
733 3764 844 3838 quidem
858 3765 923 3838 sint,
937 3765 997 3823 fieri
1010 3763 1141 3839 oporteti
