2620 4200
434 331 440 404 1
508 351 610 412 amaa
624 347 716 410 xxv'r.
732 364 839 410 omn.
1081 361 1139 424 21³

206 501 376 580 'municipia
389 521 502 578 quaque
515 511 623 578 propter
636 512 698 559 eam
711 501 782 559 viam
806 509 879 571 sunt,
900 499 1013 568 Setiam,
1027 499 1139 578 Curam,

216 581 381 654 Lanuvium,
403 581 543 656 premisit,
565 591 596 637 ut
616 591 786 637 commeatur
808 595 916 653 paratos
934 588 963 636 et
984 577 1013 635 iu
1026 579 1140 639 urbibus

216 659 358 726 baberent,
371 669 399 715 et
412 677 448 715 ex
461 657 534 734 agris
547 658 634 715 deviis
646 657 675 717 ‘ru
696 657 768 714 riam
787 654 948 731 proferrent,
961 656 1140 732 praesidiaque

216 735 245 793 in
259 737 340 794 urbes
359 737 562 810 contraherent,
582 747 613 793 ut
636 753 686 803 sua
706 734 807 810 cuique
822 733 989 810 respublica
1007 734 1037 792 iu
1056 753 1142 796 manu

194 817 296 870 cesset.

251 961 305 1026 IX.
327 963 478 1044 Hannibal,
491 980 546 1045 quo
559 961 604 1026 die
617 969 786 1026 Vulturnum
806 979 849 1025 est
860 975 1055 1044 transgressus.
1068 968 1149 1030 baud
1228 996 1231 1001 ·

197 1047 308 1122 ,procul
322 1067 339 1103 a
352 1047 464 1105 llumine
478 1058 569 1106 castra
580 1047 680 1123 posuit.
720 1047 833 1105 Postero
843 1047 888 1105 die
901 1056 998 1122 praeter
1011 1047 1094 1105 Cales
1113 1049 1144 1106 iu

214 1143 311 1200 agrum
325 1125 480 1183 Sidicinum
494 1126 636 1200 pervenit:
665 1124 704 1182 ibi
718 1125 791 1182 diem
812 1143 899 1181 unum
919 1123 1075 1199 populando
1088 1144 1145 1184 mo·

215 1213 299 1272 ratus,
318 1219 366 1278 per
381 1204 542 1261 Suessulam
556 1201 764 1277 Allifanumque
775 1212 803 1259 et
816 1202 976 1258 Casinatem
989 1221 1086 1278 agrum
1100 1203 1146 1260 vit

185 1295 208 1334 ro
216 1278 317 1336 Latini
330 1273 416 1338 ducit.
457 1281 517 1338 Sub
528 1278 663 1337 Casinum
676 1280 761 1337 biduo
774 1279 873 1336 stativa
886 1279 988 1348 habita,
1002 1291 1030 1338 et
1043 1281 1145 1356 passim

98 1351 99 1369 ¹
215 1359 404 1440 populationes
427 1359 516 1415 factm.
557 1357 637 1425 Inde,
663 1366 761 1432 praeter
784 1358 972 1415 Interamnam
991 1358 1145 1432 Aquinum·

216 1451 279 1508 que,
293 1436 322 1493 in
336 1435 532 1512 Fregellanum
546 1451 642 1510 agrum
656 1437 691 1492 ad
711 1435 799 1493 Lirim
812 1435 924 1492 fluvium
938 1446 1067 1507 ventumj
1097 1436 1146 1494 ubi

193 1567 196 1574 ,
217 1511 379 1572 intercisum
399 1525 510 1589 pontem
524 1533 540 1570 a
554 1513 726 1590 Fregellanis
738 1514 863 1571 morandi
882 1513 987 1571 itineris
1009 1514 1093 1571 cauri
1105 1513 1147 1570 in·

216 1590 299 1664 venit.
347 1591 384 1649 Et
397 1591 526 1648 Fulvium
540 1590 696 1670 Vulturnus
717 1602 844 1649 tenuerat
864 1591 1091 1657 emblematibus
1110 1591 1146 1648 ab

186 1681 209 1723 rs
218 1665 376 1726 Hannibale
402 1669 534 1742 incensis,
554 1680 626 1727 rates
656 1670 692 1726 ad
718 1669 913 1744 trajiciendum
933 1669 1097 1736 exercitum,
1117 1668 1147 1726 iu

216 1747 319 1822 magni
331 1747 426 1822 iuopia
439 1747 569 1816 materiae,
584 1747 656 1822 aegre
676 1755 891 1822 comparantem.
931 1746 1063 1821 Trajecto
1082 1746 1149 1804 rati·

217 1823 269 1898 bus
281 1825 404 1881 exercitu
417 1824 554 1899 reliquum
567 1823 666 1882 Fulvio
678 1824 911 1898 expeditum-iter,
925 1842 982 1881 nou
1002 1843 1050 1898 per
1062 1823 1147 1899 urbes

217 1903 307 1972 modd,
321 1901 370 1958 sed
384 1903 460 1959 circa
473 1903 555 1973 tiam,
568 1902 698 1978 expositis
711 1901 831 1978 benigne
846 1900 1053 1971 commeatibus,
1067 1912 1145 1958 erat:

219 1979 378 2054 alacresque
390 1980 491 2036 milites
512 1979 582 2036 alius
604 1979 699 2046 alium,
723 1989 754 2035 ut
767 1980 880 2035 adderet
898 1979 1022 2054 gradum,
1045 1996 1151 2036 memor

185 2057 254 2112 mad
274 2051 477 2114 defendendam
497 2056 537 2113 ire
557 2056 682 2131 patriam,
709 2056 895 2113 hortabantur.
943 2055 1063 2113 Romam
1085 2055 1153 2114 Fre³

219 2133 346 2198 galienus
359 2135 482 2194 nuntius,
497 2133 571 2183 diem
585 2145 750 2202 noctemque
761 2133 858 2191 itinere
873 2132 1041 2202 continuato,
1055 2134 1151 2208 ingen·

220 2208 277 2256 tem
288 2201 378 2258 attulit
386 2209 516 2259 terrorem
528 2224 535 2257 z
548 2201 755 2270 tumultuosius,
764 2202 847 2278 quam
858 2203 969 2264 allatum
979 2211 1046 2278 erat,
1054 2206 1157 2266 c'tr'r'susl

220 2277 374 2350 hominum,
389 2277 580 2354 allingentium
593 2295 664 2336 vana
677 2281 787 2353 auditis,
810 2292 895 2339 totam
909 2285 1005 2340 urbem
1025 2286 1152 2350 concive·

220 2365 270 2411 rat.
311 2355 436 2414 Ploratus
449 2356 596 2413 mulierum
609 2371 665 2414 non
685 2377 722 2415 ex
742 2359 853 2434 privatis
866 2359 952 2417 soltim
966 2361 1094 2418 domibus
1105 2379 1152 2420 ex-

134 2479 137 2485 .
185 2431 401 2504 asaudiebatur3
423 2435 471 2490 sed
485 2435 607 2509 undique
620 2446 762 2507 matronae,
782 2437 811 2498 iu
831 2437 972 2512 publicum
986 2438 1087 2508 effusa,
1101 2439 1156 2496 cir·
1239 2507 1241 2510 ¹

221 2530 257 2568 ca
267 2510 357 2568 Derim
370 2508 485 2570 delubra
498 2512 666 2581 discurrunt,
681 2514 804 2570 crinibus
818 2515 905 2590 passis
926 2531 989 2572 aras
998 2511 1149 2586 terrentes,
1235 2547 1238 2554 v

177 2633 181 2644 t
222 2589 294 2646 nixae
307 2591 433 2665 genibus,
447 2591 561 2665 supinas
575 2609 673 2648 manus
686 2591 721 2648 ad
734 2592 836 2648 coelum
859 2611 892 2649 ac
906 2591 981 2650 Deos
994 2594 1151 2663 tendentes,

222 2678 397 2742 orantesque,
410 2679 441 2726 ut
454 2669 550 2727 urbem
564 2668 723 2736 Romanam
745 2687 761 2726 e
783 2670 912 2727 manibus
934 2670 1052 2728 hostium
1065 2672 1153 2750 eripe·
1229 2685 1230 2688 ’
1254 2699 1255 2704 ’

135 2746 139 2754 ’
223 2755 303 2812 rent3
323 2755 476 2820 matresque
490 2747 634 2804 Romanas
647 2757 675 2803 et
687 2747 788 2804 liberos
796 2767 896 2826 parvos
910 2748 1155 2832 inviolatqsserva·

191 2833 216 2874 ω
225 2831 295 2878 rent.
336 2823 456 2879 Senatus
473 2823 678 2898 magistratibus
686 2823 715 2880 in
729 2824 895 2902 foropraesto
908 2828 959 2896 e'st,
972 2825 1071 2899 siquid
1085 2843 1153 2884 cou-

225 2899 315 2957 sulere
329 2900 421 2956 velint.
462 2900 519 2957 Alii
533 2900 674 2974 accipiunt
687 2901 809 2976 imperia,
828 2903 1027 2976 disceduntque
1041 2903 1075 2958 ad
1089 2914 1157 2961 suas
1206 2949 1208 2956 ,

224 2977 340 3052 quisquc
353 2977 505 3035 officiorum
518 2987 626 3054 partes:
648 2979 693 3035 alii
706 2979 825 3037 offerunt
838 2999 876 3050 se,
899 2980 922 3036 si
946 2979 999 3054 qud
1012 2999 1078 3037 usus
1091 2999 1156 3057 ope-
1190 3035 1199 3061 ,

224 3075 263 3113 rae
277 3055 330 3112 sit:
351 3056 479 3130 praesidia
492 3056 520 3112 in
541 3075 614 3124 arce,
629 3057 657 3113 iu
681 3055 826 3133 Capitolio,
847 3059 876 3115 in
895 3057 991 3129 muria,
1012 3057 1088 3116 circa
1109 3079 1157 3117 ur·
1209 3108 1212 3118 .

226 3133 299 3200 bem,
314 3133 343 3191 in
354 3145 447 3190 monte
457 3133 540 3191 etiam
550 3133 660 3192 Albano
670 3145 750 3208 atque
762 3154 825 3192 arce
853 3131 999 3203 AEsulana,
1007 3147 1156 3210 ponuntur.
1207 3145 1210 3148 ’

194 3210 305 3268 arIuter
324 3212 399 3270 hunc
413 3211 571 3281 tumultum,
583 3211 622 3273 Q.
641 3211 771 3269 Fulvium
790 3213 981 3289 proconsulem
1001 3215 1156 3288 profectum

228 3308 292 3351 cum
306 3289 430 3351 exercitu
443 3309 460 3346 a
472 3290 570 3364 Capua
584 3291 712 3360 affertur3
740 3291 786 3347 cui
806 3307 842 3345 ne
865 3291 1034 3348 minueretur
1047 3293 1157 3366 imperi-

228 3385 285 3438 um,
306 3367 329 3424 si
348 3367 378 3424 iu
398 3366 502 3428 Urbem
521 3368 649 3440 venisset,
670 3367 796 3424 decernit
815 3379 936 3440 senatus,
955 3379 987 3425 ut
1005 3368 1044 3430 Q.
1058 3368 1157 3427 Fulvio

229 3461 277 3520 par
298 3464 362 3503 cum
385 3443 545 3506 consulibus
567 3444 713 3520 imperium
726 3456 806 3502 esset.
859 3445 1009 3520 Hannibal,
1030 3445 1170 3504 infestiirs·

229 3524 491 3598 perpopulatoagro
510 3522 676 3598 Fregellano
688 3534 797 3600 propter
816 3523 961 3582 intercisos
982 3533 1087 3599 pontes,
1107 3542 1158 3599 per

196 3611 222 3650 ⁴⁰
231 3599 405 3659 Frusinatem
419 3601 680 3676 Ferentinatemque
693 3611 722 3659 et
734 3602 915 3678 Anagninum
929 3619 1025 3680 agrum
1035 3599 1064 3658 iu
1078 3600 1159 3659 Lavi·

230 3696 333 3738 canum
347 3679 437 3737 veuit:
467 3680 532 3737 inde
553 3679 656 3756 Algido
669 3680 825 3738 Tusculum
836 3681 932 3756 petiit:
962 3697 1016 3736 uec
1028 3689 1159 3756 receptus

229 3756 377 3830 uroeuibus,
390 3757 462 3816 iufra
474 3757 631 3817 Tusculum
645 3758 801 3819 dextrorsus
812 3759 916 3822 Gabios
929 3757 1089 3818 descendit:
1116 3756 1160 3815 iu·
