2622 4194
166 335 205 398 ω
549 333 617 388 'rm
631 331 714 388 tntu

166 471 239 536 “En
251 475 331 551 tibi,''
344 476 443 556 inquit,
457 479 514 536 “ut
526 479 638 546 sentias,
652 478 735 554 quim
758 477 811 536 vde
833 495 933 556 corpus
952 481 988 542 sit
1000 475 1034 541 iis
1050 479 1096 560 qui

167 557 187 595 “
197 575 329 632 magnam
341 557 457 634 gloriam
470 557 564 615 vident
574 578 582 613 r
591 559 608 585 ’¹
622 557 799 632 dextramque
813 575 931 617 accenso
944 562 980 618 ad
993 562 1098 620 sacrifi-

164 634 240 694 cium
254 635 346 693 socqu
359 635 466 712 injicit:
487 653 569 710 qnam
582 653 667 710 quum
681 635 753 693 velut
766 635 885 694 alienato
897 637 932 694 nb
945 657 1029 696 sensu
1043 650 1097 698 tor·

164 722 238 770 reret
250 713 358 783 animo;
385 713 469 790 prope
483 714 614 772 attonitus
635 711 768 770 miraculo
787 731 848 780 rex,
869 733 952 788 quurn
974 717 1008 776 ab
1029 719 1096 776 sede

163 793 213 847 sud
227 791 404 866 prosiluisset,
418 793 591 866 amoverique
614 792 649 848 ab
667 790 797 848 altaribus
815 791 945 866 juvenem
960 794 1095 869 jussisset,
1115 800 1129 846 ³

163 871 182 904 “
193 868 240 926 'I'u
254 889 319 928 vero
332 870 405 943 ebi‚’'
417 870 514 944 inquit,
536 872 554 906 “
563 870 592 926 in
603 881 630 926 te
644 869 742 944 magis,
762 868 845 943 quim
866 870 894 926 in
908 889 962 938 me,
986 873 1096 930 hostilia

161 947 283 1006 “susus
325 947 458 1006 Juberem
472 958 562 1006 macte
577 947 675 1004 virtute
688 966 757 1017 esse,
772 947 795 1004 si
803 961 852 1022 pro
865 950 926 1004 med
939 951 1029 1024 pstrid
1042 951 1096 1008 ista
1157 974 1162 990 ‘

158 1026 181 1060 “‘
191 1026 276 1085 virtus
289 1035 380 1084 steret.
420 1025 450 1083 N
452 1045 507 1082 uno
518 1026 579 1102 jure
593 1025 657 1082 belli
680 1024 797 1082 liberum
819 1035 847 1081 te
860 1026 995 1084 intactum
1009 1029 1095 1086 ἰηνίοό

161 1104 330 1178 “latumque
343 1104 410 1160 bino
423 1104 557 1161 dimitt0.”
597 1103 673 1160 Tum
687 1102 808 1173 Mucius,
823 1104 900 1177 quasi
913 1122 1094 1163 remunerans

142 1183 298 1262 meritum,
319 1181 612 1256 “Quandoquidem’?
639 1181 735 1255 inquit,
764 1183 832 1236 “est
857 1183 929 1256 apud
950 1193 978 1238 te
1001 1183 1093 1242 virtuti
1103 1193 1127 1233 1⁰

160 1260 179 1295 ‘¹
193 1261 289 1332 honos,
302 1271 333 1317 ut
346 1259 483 1316 beneficio
497 1259 591 1316 tuleris
604 1278 620 1316 a
631 1277 685 1329 me,
699 1259 772 1332 quod
785 1258 868 1314 minis
882 1260 1019 1333 nequisti3
1040 1274 1094 1319 tre-

160 1338 179 1374 “
190 1339 264 1395 centi
278 1337 481 1414 conjuravimus
495 1337 633 1412 principes
654 1335 806 1412 juventutis
819 1336 964 1404 Romane,
978 1348 1008 1394 ut
1021 1338 1050 1395 in
1064 1349 1092 1396 te

158 1417 242 1473 “hac
265 1415 311 1472 vit
331 1433 525 1490 grassaremur.
576 1413 642 1471 Itiea
662 1414 750 1489 prima
770 1433 828 1471 sors
851 1414 918 1470 suit·
946 1416 1047 1487 oaeteri,
1061 1427 1091 1474 ut

158 1495 178 1531 “
188 1494 289 1568 cuique
302 1493 436 1551 ceciderit
447 1491 545 1567 primd,
566 1492 655 1567 quoad
672 1503 704 1554 ¹te
717 1502 901 1566 opportunum
921 1492 1031 1550 fortune
1044 1494 1091 1551 de·

157 1575 177 1610 “
188 1573 267 1641 derit,
282 1590 333 1629 suo
344 1571 462 1662 quisque
474 1579 605 1645 tempore,
621 1571 763 1627 aderunt''
1099 1579 1123 1622 tc

134 1717 136 1724 ¹
194 1727 281 1786 XIII.
313 1725 441 1783 Mucium
464 1725 608 1783 dimissum
628 1721 687 1801 (cui
707 1735 802 1800 postea
826 1725 956 1783 Soaevolae
979 1726 1090 1786 aclads

156 1807 259 1864 dextre
272 1803 374 1862 mands
387 1821 541 1878 cognomen
555 1803 687 1888 inditum)
704 1803 787 1878 legati
801 1821 818 1860 a
831 1803 953 1860 Porsena
966 1805 1088 1864 Romam

155 1885 245 1943 secuti
264 1892 338 1940 sunt.
390 1879 471 1938 Adeti
490 1891 611 1938 moverat
631 1900 695 1938 eum
714 1891 743 1937 et
761 1881 842 1955 primi
862 1881 977 1956 periculi
997 1901 1087 1957 casus,
1173 1896 1177 1904 “

154 1978 209 2038 quo
223 1961 291 2021 nihil
304 1977 334 2017 se
347 1970 444 2036 praeter
462 1978 580 2016 errorem
603 1958 770 2032 insidiatoris
784 1959 906 2026 texisset,
920 1970 949 2016 et
968 1961 1089 2018 subeun-

154 2042 191 2097 du
204 2039 344 2098 dimicatio
358 2039 446 2108 toties,
459 2047 525 2111 quot
538 2037 672 2112 conjurati
692 2047 875 2111 superessent,
890 2048 920 2093 ut
932 2038 1008 2113 pacis
1021 2049 1121 2112 con-20

154 2118 273 2176 ditiones
286 2117 357 2173 ultro
377 2116 460 2173 serret
477 2115 622 2172 Romanis.
670 2114 810 2172 Jactatum
830 2115 859 2171 iu
883 2116 1087 2174 conditionibus

153 2196 337 2270 nequidquam
361 2193 396 2250 de
410 2192 577 2266 v'I’arquiniis
599 2193 629 2250 in
648 2211 766 2268 regnum
791 2193 977 2265 restituendis,
997 2195 1086 2270 magis

152 2273 217 2348 quis
236 2274 264 2332 id
284 2291 386 2348 negare
407 2271 464 2346 ipse
485 2271 645 2346 nequiverat
664 2270 834 2344 Tarquiniis,
847 2269 930 2344 quim
950 2270 1022 2345 qudd
1036 2291 1085 2329 ne-

152 2362 247 2428 gatum
261 2350 294 2409 iri
314 2350 366 2407 sibi
386 2350 421 2406 ab
434 2350 570 2407 Romanis
590 2351 736 2424 ignoraret.
776 2347 820 2403 De
833 2365 900 2422 egro
918 2347 1083 2424 Vejentibus

150 2429 321 2486 restituendo
348 2429 541 2501 impetratum:
581 2444 765 2500 expressaque
795 2426 946 2482 necessitas
973 2428 1116 2486 obsides&

151 2506 236 2564 dandi
257 2505 401 2575 Romanis,
415 2504 438 2560 si
451 2504 580 2561 Janiculo
593 2503 749 2578 presidium
764 2503 865 2560 deduci
878 2505 987 2562 vellent.
1028 2506 1082 2563 His

151 2582 356 2642 conditionibus
376 2581 528 2656 compositi
546 2598 625 2656 pace,
646 2582 797 2638 exercitum
827 2582 861 2637 ab
886 2579 1016 2640 JanicnIo
1036 2585 1083 2640 de*-

149 2661 230 2718 duxit
243 2661 374 2731 Porsena,
387 2669 415 2717 et
428 2677 493 2734 agro
506 2659 636 2716 Romano
649 2660 776 2716 excessit.
817 2658 913 2716 Patres
925 2660 958 2716 C.
974 2661 1081 2734 Mucio,

150 2738 257 2796 vittatis
270 2739 364 2808 oausd,
377 2748 452 2796 trans
465 2736 590 2795 Tiberim
605 2755 700 2813 agrum
710 2738 782 2794 douo
794 2735 903 2806 dedere,
912 2754 973 2811 que
986 2749 1081 2814 postea

149 2827 215 2875 sunt
234 2817 331 2874 Mucia
350 2826 428 2891 prata
454 2815 597 2890 appellata.
649 2815 733 2890 Ergo,
759 2814 796 2870 ita
819 2814 950 2872 honorate
969 2816 1113 2886 virtutem

149 2894 269 2958 foeminre
282 2912 389 2970 quoque
402 2893 436 2950 ad
457 2891 568 2968 publica
581 2895 681 2951 decore
693 2892 827 2949 ercitutae.
867 2892 904 2948 Et
917 2893 1016 2950 CIoeIia
1028 2896 1080 2952 vir·

148 2989 192 3047 go,
214 2993 270 3030 una
289 2989 324 3030 ex
342 2971 594 3044 obsidibus,'quum
614 2982 706 3028 castra
725 2970 902 3032 Etruseorum
923 2969 991 3026 forte
1005 2971 1078 3027 haud

147 3051 244 3124 procul
269 3051 329 3126 ripd
352 3049 464 3106 Tiberis
486 3048 576 3106 locata
595 3058 696 3114 essent,
717 3047 844 3103 frustrata
863 3047 1000 3114 custodes,
1022 3046 1078 3104 dux

147 3126 268 3202 agminis
281 3129 426 3202 vitginum,
441 3125 512 3184 iuter
522 3127 577 3182 tela
590 3126 709 3182 hostium
721 3123 847 3180 Tiberim
861 3123 977 3181 tranavit
985 3144 992 3194 ;
1021 3139 1077 3182 sos-

145 3203 271 3280 pitesque
283 3223 381 3261 omnes
392 3205 512 3262 Romam
534 3204 568 3260 ad
588 3204 753 3278 propinquos
765 3201 890 3258 restituit.
929 3201 1015 3262 Quod
1028 3202 1075 3282 ubi
1084 3204 1109 3250 ³3

147 3281 207 3358 regi
227 3282 384 3340 nuntiatum
404 3292 455 3356 est,
481 3281 568 3357 primd
594 3282 727 3338 incensus·
744 3278 795 3346 irs,
814 3289 935 3335 oratores
955 3279 1075 3338 Romam

146 3359 222 3418 misit
234 3359 269 3418 ad
283 3359 410 3417 Cloeliam
422 3359 546 3417 obsidem
566 3357 768 3434 deposcendum
780 3375 787 3424 3
808 3355 875 3412 elias
887 3357 962 3414 baud
981 3358 1075 3434 magni

143 3435 256 3496 Iacere:
289 3437 389 3494 deinde
410 3437 440 3494 iu
464 3436 672 3494 admirationem
696 3449 800 3500 versus,
819 3436 928 3509 “supra
953 3434 1076 3494 Coclites

117 3531 131 3538 ·
146 3515 166 3549 “
177 3515 342 3590 Muciosque
351 3514 367 3542 '³
391 3515 485 3572 dicere
508 3514 564 3571 “id
584 3514 692 3570 facinus
711 3511 803 3580 esse,’'
823 3522 851 3568 ct
869 3527 928 3587 pre·
945 3529 977 3570 se
995 3514 1075 3585 ferre,

143 3591 167 3632 ‘⁸‘
177 3592 418 3664 quemadmodum,
438 3593 461 3648 si
481 3611 537 3651 non
557 3591 672 3649 dedatur
684 3591 774 3657 obses,
788 3609 837 3665 pro
849 3601 929 3665 rupto
941 3609 971 3648 se
985 3592 1108 3650 Ioedustt

144 3667 350 3740 “habiturum
370 3666 552 3738 sicdeditam,
573 3668 730 3726 inviolatam
742 3669 778 3725 ed
791 3668 1074 3729 suosremissurum.’'

143 3743 290 3830 Utriusque
301 3747 425 3810 constitit
436 3746 520 3808 fides:
545 3757 574 3806 et
586 3747 708 3806 Romani
720 3747 820 3824 pignus
832 3746 910 3823 pacis
922 3767 957 3808 ss
970 3749 1074 3808 foedere
