2622 4194
163 325 198 389 10
544 321 612 378 rm
626 321 709 378 mvn

160 467 244 526 bores
264 465 335 524 miri
354 465 447 542 specie
468 436 594 544 abegisse
613 475 775 536 memorant,
795 483 829 524 ac
850 461 936 542 pro'pe
959 459 1087 524 Tiberim

161 545 283 614 flurium,
296 543 361 618 qui,
373 560 430 619 pre
440 563 472 602 se
486 556 640 602 armentum
651 563 746 622 agens,
758 543 850 602 nando
860 543 1013 618 trajecerat,
1025 544 1087 600 loco

160 618 285 687 herbido,
299 632 329 678 ut
341 622 434 696 quicto
453 633 482 678 et
494 622 594 697 pabulo
616 623 679 680 leto
698 619 823 678 reficeret
845 620 937 687 bores,
950 631 979 677 et
997 620 1086 694 ipsum

160 699 262 756 sessum
277 699 322 756 vit
334 698 530 773 procubuisse:
553 699 591 756 ibi
604 719 688 774 quum
701 717 776 767 eum,
787 698 850 754 cibo
863 699 979 771 vinoque
992 715 1087 772 grava·

159 787 230 843 tum,
243 795 324 851 sopor
336 777 523 850 oppressisset,
536 788 627 852 pastor
639 775 734 834 accola
746 776 807 850 ejus
826 775 890 846 loci,
904 775 1015 832 nominc
1034 775 1107 830 Cas

160 873 220 926 cus,
234 853 309 909 seror
319 854 430 918 viribus,
442 865 538 928 captus
548 854 752 929 pulchritudine
764 853 856 923 bourn,
868 871 951 925 quum
963 861 1086 909 avertere

160 950 222 988 eam
235 932 355 1006 predam
369 930 449 988 vellet
458 932 559 1004 equis,
567 933 590 988 si
601 931 710 1006 egendo
720 941 874 987 armentum
886 930 913 986 in
925 930 1086 1002 speluncam

160 1009 345 1083 compulisset,
356 1009 416 1090 ippa
427 1009 540 1084 vestigia
551 1020 718 1082 quaerentem
730 1008 873 1064 dominum
886 1008 919 1064 cd
933 1007 1088 1064 deductura

159 1096 257 1153 erant3
290 1104 399 1142 aversos
424 1087 516 1151 boves,
542 1086 674 1142 eximium
704 1103 840 1158 quemque
869 1083 1084 1159 pulchritudine,

160 1163 256 1220 caudis
270 1162 298 1219 in
312 1163 472 1238 speluncam
486 1164 574 1220 traxit.
615 1162 761 1233 Hercules,
776 1163 810 1218 ad
830 1163 946 1236 primam
960 1173 1118 1220 anrorsm1⁰

159 1259 256 1298 somno
269 1239 384 1307 ercituS,
398 1259 482 1314 quum
495 1259 607 1315 gregem
621 1240 813 1314 perlustrasset
824 1239 921 1311 oculis,
935 1250 963 1296 et
980 1249 1085 1314 partem

160 1315 256 1374 abesse
270 1337 384 1375 numero
397 1318 536 1384 sensisset,
550 1318 639 1392 pergit
659 1318 693 1373 ad
713 1317 865 1391 proximam
878 1317 1048 1391 speluncam,
1062 1317 1085 1374 si

159 1395 227 1452 sorte
241 1395 273 1452 ed
287 1395 401 1470 vestigia
423 1395 543 1452 ferrent:
567 1414 627 1470 quae
648 1395 695 1450 ubi
718 1395 811 1451 omnia
824 1394 896 1451 foras
909 1413 987 1452 versa
1007 1395 1084 1462 vidit,

142 1469 211 1530 'nec
226 1473 254 1529 in
267 1484 371 1548 partem
395 1473 476 1530 aliarn
496 1473 576 1540 ferre,
591 1472 722 1530 confusus
742 1483 823 1545 atque
847 1471 969 1528 incertus
990 1471 1083 1540 animi,

156 1569 193 1607 cs
205 1552 266 1608 loco
279 1551 378 1607 infesto
391 1569 473 1625 agere
485 1569 565 1624 porro
579 1561 732 1606 armentum
749 1549 875 1623 occoepit.
917 1549 986 1606 lude
1000 1568 1083 1622 quunr
1094 1561 1117 1599 1⁵

157 1639 227 1684 acte
251 1628 334 1683 boves
356 1629 481 1700 qnaednm
502 1628 535 1683 ad
557 1627 725 1682 desiderium
740 1625 783 1700 (ut
796 1626 839 1701 fit)
853 1626 1010 1683 relictarum
1025 1645 1085 1682 rnu-

155 1703 271 1778 gissent,
286 1704 392 1760 reddita
414 1704 583 1760 inclusarum
597 1722 631 1760 ex
644 1703 777 1776 spelunca
795 1704 878 1760 boum
900 1722 951 1760 vox
975 1705 1084 1760 Hercu-

156 1780 211 1837 lem
225 1781 357 1838 convertit
372 1799 378 1836 :
398 1799 479 1854 quern
492 1799 576 1854 quum
590 1782 734 1836 radentem
759 1781 793 1836 ad
816 1781 976 1854 speluncam
990 1782 1084 1838 Cacus
1160 1791 1172 1800 “

157 1858 184 1915 ri
197 1859 341 1932 prohibere
364 1868 480 1914 conatus
493 1868 564 1914 esset
575 1878 582 1927 ;
603 1858 675 1914 ictns
688 1856 775 1925 clavi,
789 1857 871 1914 fidem
884 1869 1022 1932 pastorupn
1036 1877 1084 1914 ne-

153 1937 303 2009 quidquam
317 1937 458 2000 invocem,
472 1945 559 1991 morte
571 1933 712 1992 occubuit.
751 1934 880 1990 Evander
897 1945 954 1991 tum
967 1954 1009 2006 ea,
1022 1945 1116 2010 pro-2⁰

155 2013 237 2088 fugos
246 2032 281 2069 ex
292 2012 488 2085 Peloponneso,
502 2013 663 2069 auctoritate
676 2011 765 2086 magis
776 2011 857 2085 qndm
872 2013 993 2086 imperio,
1005 2032 1084 2086 rege·

156 2090 202 2146 bat
216 2090 294 2146 loca:
315 2089 478 2145 venerabilis
491 2089 531 2146 vir
544 2089 676 2146 miraculo
696 2089 846 2160 literarum,
859 2089 900 2146 rei
913 2108 991 2145 novae
1011 2090 1083 2147 inter

154 2167 238 2224 rudes
260 2167 358 2223 artium
377 2166 519 2234 horniues3
539 2165 719 2223 venerabilior
740 2166 882 2223 divinitate
896 2167 1002 2224 creditd
1015 2167 1082 2223 Car·

154 2256 255 2300 mentre
267 2244 371 2310 matris,
384 2263 467 2318 quarn
479 2244 647 2318 fatiloquam,
662 2253 726 2300 ante
745 2243 856 2316 Sibyllae
870 2243 898 2298 in
913 2241 1021 2299 ltaliam
1034 2245 1082 2300 ad-

154 2332 275 2388 uentum,
289 2321 393 2378 miratae
407 2322 449 2377 hae
472 2331 569 2396 gentes
592 2321 708 2376 fuerant.
749 2319 778 2374 Is
791 2330 849 2374 tum
863 2319 1000 2384 Evander,
1015 2329 1114 2376 con-2⁵

153 2417 236 2455 cursu
266 2408 413 2471 pastorum,
444 2397 638 2469 trepidantium
660 2395 739 2451 circa
768 2396 902 2452 advenam
928 2397 1080 2454 manifestae

153 2493 230 2531 reum
243 2474 335 2542 cedis,
350 2474 466 2538 excitus,
479 2484 622 2546 postquam
643 2472 752 2528 facinus
770 2473 953 2547 facinorisque
966 2493 1080 2532 causam

152 2551 265 2617 audivit,
279 2551 401 2606 habitum
424 2549 592 2624 formamque
606 2550 655 2606 viri
668 2549 839 2624 aliquantium
853 2551 1011 2625 ampliorem
1032 2572 1080 2609 au·

152 2629 354 2704 gustioremque
368 2628 489 2683 lrumand
502 2628 623 2693 intuenS,
634 2628 740 2701 rogitat,
752 2627 798 2700 qui
809 2629 849 2684 vir
859 2631 951 2685 esset?
965 2629 1019 2685 Ubi
1031 2650 1079 2686 no·

151 2725 215 2762 men
230 2717 387 2780 patremque
401 2723 434 2760 ac
448 2705 562 2779 patriam
576 2705 702 2778 accepit;
727 2710 745 2736 “
757 2705 825 2762 Jove
842 2719 916 2776 nate,
932 2707 1077 2778 Hercules,
1086 2713 1111 2752 ³⁰

153 2794 171 2820 ‘⁶
182 2783 286 2849 salve,''
300 2783 387 2856 inquit
399 2801 407 2850 ς
429 2787 446 2813 “
455 2793 482 2838 te
496 2783 562 2839 mihi
585 2793 680 2849 mater,
696 2783 816 2838 veridica
829 2783 963 2858 interpres
977 2783 1076 2851 Derim,

152 2871 326 2918 “sucturum
340 2859 494 2916 coelestium
517 2878 662 2916 numerum
676 2860 797 2916 cecinit:
818 2860 922 2934 tibique
935 2879 1009 2918 aram
1031 2863 1078 2918 hic

152 2939 301 2995 “dicatum
317 2939 359 3004 iri,
373 2956 454 3011 quam
466 2937 674 3013 opulentissima
693 2937 758 2993 olim
772 2938 801 2994 in
815 2939 894 2994 torris
907 2957 976 3012 gens
989 2938 1078 2996 Maxi·

151 3019 253 3072 “mam
279 3025 365 3086 vocet,
379 3026 480 3088 tuoque
503 3015 556 3072 ritu
578 3014 678 3071 colat.''
718 3015 823 3071 Dextri
841 3016 979 3072 Hercules
1001 3017 1077 3083 datia,

151 3099 168 3124 ‘¹
179 3092 306 3165 accipere
319 3110 348 3147 sc
360 3111 453 3158 omen,
467 3092 697 3166 impleturumque
711 3092 775 3159 lata,
797 3093 845 3149 ard
862 3093 976 3150 conditis
996 3104 1076 3167 atque
1085 3100 1110 3140 ³⁵

150 3175 169 3202 “
180 3169 299 3234 dicata,''
314 3169 360 3226 ait.
400 3169 442 3226 Ibi
456 3180 514 3226 tum
528 3169 645 3244 prinnim
658 3171 726 3226 bove
739 3170 931 3244 erimiacaptd
944 3171 979 3226 de
992 3189 1076 3244 grege

149 3265 259 3306 sacrum
274 3245 400 3316 Herculi,
414 3247 544 3304 adhibitis
558 3247 592 3302 ad
607 3247 788 3304 ministerium
801 3249 955 3322 dapemque
968 3247 1076 3304 Potitiis

147 3343 183 3383 uc
196 3323 323 3390 Pinariis,
337 3342 397 3398 que
410 3335 468 3382 tum
482 3324 592 3381 familie
606 3325 723 3380 maxime
738 3325 848 3399 inclyte
859 3343 892 3382 ea
902 3326 963 3384 loca
974 3324 1077 3381 incole-

148 3402 224 3474 bant,
239 3401 351 3458 iacturn.
391 3400 474 3458 Forte
494 3403 533 3460 itu
544 3401 645 3467 evenit,
659 3412 690 3457 ut
702 3401 795 3459 Potitii
808 3403 843 3459 ad
856 3412 964 3476 tempus
977 3413 1076 3476 presto

146 3489 249 3546 essem,
270 3479 357 3553 iisque
376 3490 441 3536 exta
453 3490 669 3555 apponerentur;
690 3479 804 3547 Pinarii,
825 3481 894 3540 extis
917 3479 1017 3546 adesis,
1039 3481 1109 3538 ad⁴⁰

146 3569 276 3616 crateram
287 3555 411 3614 venirent
420 3557 527 3631 dapem
569 3556 638 3614 lnde
646 3556 802 3614 institutum
812 3556 922 3626 mansit,
930 3556 1020 3616 donec
1031 3556 1076 3616 Pi·

145 3633 256 3694 narium
269 3651 357 3710 genus
371 3633 430 3700 suit,
443 3651 480 3691 ne
492 3635 563 3692 extis
575 3634 731 3692 solenrdm
746 3644 931 3691 vescerentur.
970 3632 1073 3700 Potitii,

145 3711 182 3772 ab
194 3710 324 3772 Evandro
341 3710 444 3780 edocti,
458 3713 594 3773 antistites
616 3712 687 3772 sacri
707 3712 767 3789 ejus
789 3726 838 3788 per
858 3711 958 3770 multas
980 3723 1074 3775 statos
