2638 4206
164 347 220 409 140
554 341 621 398 ‘tm
637 347 718 398 LIVII

97 497 101 506 '
162 496 288 546 maestam
301 485 417 546 turbam.
458 483 583 547 Dictator
597 489 631 547 de
645 489 755 548 Volscis
766 486 957 564 triumphavit:
972 478 1112 562 invidie·⁸

162 585 215 642 que
231 567 317 642 magis
337 565 502 641 triumphus,
522 569 603 642 quim
616 568 710 644 gluriae
724 567 791 624 snit:
823 567 923 640 quippe
937 565 1022 633 domi.
1037 585 1094 624 non

162 644 275 712 militie,
289 655 397 718 partum
410 663 494 712 eum3
516 656 662 719 actumque
683 646 717 701 de
737 645 808 712 cive,
822 663 878 702 non
892 645 926 700 da
940 644 1029 714 hoste,
1043 643 1095 700 fre·

162 721 275 778 mebant
287 740 293 776 :
315 739 400 780 unum
409 722 529 780 defuisse
540 725 649 780 tantum
661 723 806 798 superbie,
815 723 887 798 qudd
898 740 954 780 non
962 720 1004 778 M.
1014 720 1095 778 Man·

162 799 215 856 lius
229 809 293 856 aute
307 817 418 856 currum
433 800 468 856 sit
481 800 589 857 ductus.
630 801 748 876 Jamque
763 802 836 858 haud
850 799 946 874 procul
959 799 1095 862 seditione
1112 802 1127 849 ἃ

161 895 206 934 res
229 887 307 945 erat;
340 877 420 953 cnjus
433 878 569 936 lenienda
586 880 680 947 causi,
701 878 856 954 postulante
876 876 962 944 nullo,
982 877 1112 952 largitor*

162 954 332 1014 voluntarius
344 955 457 1030 repente
478 968 590 1014 senatus
610 958 707 1028 lactus,
730 957 867 1014 Satricum
888 955 1024 1013 coloniam
1037 955 1096 1012 duc

162 1032 249 1090 millia
262 1033 364 1092 civium
378 1033 570 1092 Romanorum
583 1036 685 1092 deduci
696 1036 795 1111 jussit:
827 1034 892 1091 bina
902 1033 999 1108 jugera
1011 1042 1039 1090 et
1051 1051 1096 1088 se·

161 1109 259 1171 luisses
285 1111 343 1186 agri
370 1112 510 1188 assignati.
556 1108 643 1174 Quod
668 1132 752 1186 quum
772 1123 801 1169 et
819 1129 933 1187 parturn
951 1120 979 1167 et
998 1109 1097 1184 paucis

162 1187 267 1260 datum,
281 1201 309 1246 et
320 1189 477 1246 mercedem
490 1211 551 1248 esse
564 1191 699 1265 prodendi
720 1191 759 1250 M.
773 1190 872 1246 Manlii
886 1190 1097 1263 interpretaren·
1105 1195 1129 1234 1⁰

162 1275 224 1334 tur3
244 1267 366 1325 remedio
380 1267 500 1326 irritatur
514 1268 630 1326 seditio:
652 1279 680 1325 et
690 1269 749 1344 jam
763 1267 851 1342 magia
864 1267 981 1342 insignis
1000 1276 1028 1322 et
1040 1283 1098 1324 aor-

162 1343 244 1402 dibus
258 1355 286 1402 et
299 1345 370 1402 facie
383 1364 492 1422 reorum
505 1347 586 1404 turba
600 1347 743 1404 Manliana
755 1358 832 1415 orat3
852 1356 1022 1417 amotusque,
1034 1351 1097 1418 post

163 1421 333 1496 triumphurn
348 1423 521 1482 abdicatione
535 1425 688 1492 dictatum,
711 1435 797 1482 terror
814 1435 843 1480 et
855 1423 979 1498 linguam
991 1433 1019 1478 et
1039 1420 1098 1478 ani·

165 1513 225 1563 utos
237 1500 400 1559 liberaverat
413 1503 566 1560 hominurn.

202 1651 299 1716 XVII.
320 1659 514 1716 Audiebantur
527 1659 618 1734 itaque
628 1660 767 1734 propalam
777 1676 859 1716 voces
873 1655 1096 1732 exprobrantium
1106 1665 1130 1708 u

165 1735 344 1802 multitudini,
374 1736 474 1810 “qudd
487 1737 647 1794 defensores
666 1755 731 1796 suoa
751 1755 859 1811 semper
879 1736 908 1794 in
928 1735 1098 1810 precipitem

166 1811 287 1870 “locum
300 1811 391 1870 favore
411 1812 496 1884 tollat,
511 1814 612 1872 deinde
626 1815 655 1872 in
669 1816 729 1889 ipsu
749 1814 908 1872 discrimine
922 1813 1038 1888 periculi
1051 1812 1100 1869 de·

167 1899 185 1928 ‘¹
196 1890 299 1948 stituat.
340 1891 389 1948 Sic
403 1891 450 1966 Sp.
465 1891 602 1962 Cassium,
617 1893 646 1950 in
667 1905 748 1968 agros
766 1893 875 1967 plebem
888 1899 1043 1962 vocantem,
1057 1890 1100 1946 sic

167 1977 186 2005 ‘⁸
198 1969 246 2044 Sp.
261 1968 392 2036 llltelium,
406 1969 441 2026 ab
453 1981 500 2026 ore
521 1970 625 2028 civium
644 1971 745 2030 samem
765 1972 823 2028 suia
840 1969 973 2044 impensis
974 1967 1101 2104 ⁰ppopul·

167 2049 186 2084 ‘⁶
197 2058 314 2118 sentem,
328 2065 488 2122 oppressoa3
519 2048 560 2106 sic
575 2050 612 2106 tu.
627 2048 774 2121 Manlium,
794 2067 912 2108 mersam
933 2058 961 2104 et
1025 2056 1134 2102 utamtttt

168 2133 187 2161 ⁴⁸
199 2125 303 2183 toenore
311 2138 415 2199 partem
426 2115 544 2185 civititis
556 2127 584 2184 in
595 2127 748 2186 libertatem
757 2147 791 2184 ac
799 2128 891 2186 lucem
899 2125 1099 2190 extrahentem,

168 2203 336 2278 “proditum
359 2203 487 2262 inimicis.
534 2205 669 2280 Saginaae
689 2206 799 2280 plebem
819 2205 963 2280 populares
976 2215 1050 2274 suos,
1070 2214 1101 2259 ut

170 2289 189 2317 ‘⁸
197 2280 367 2356 jugulentur.
407 2282 536 2343 Hoccine
549 2283 710 2356 patiendum
730 2283 823 2351 fuisse,
846 2283 869 2340 si
882 2283 917 2339 ad
931 2292 1029 2339 nutum
1042 2280 1102 2338 dic·

169 2359 295 2415 “tatoris
308 2377 364 2416 non
385 2361 556 2434 responderit
575 2361 615 2418 vir
635 2362 813 2420 consularisl
852 2360 1005 2435 Fingerant
1025 2377 1101 2416 men·

171 2445 189 2472 ‘⁸
201 2434 280 2494 titum
295 2437 367 2504 ante,
383 2448 464 2511 atque
475 2438 538 2494 ideo
560 2459 615 2496 non
640 2440 778 2506 habuisse,
795 2439 868 2513 quod
882 2450 940 2496 tu'm
954 2437 1135 2511 responde-2⁶

182 2523 259 2571 ‘reta
280 2514 326 2570 cui
339 2533 417 2572 servo
430 2535 551 2590 unquam
574 2518 713 2576 mendacii
734 2536 844 2592 penam
864 2516 975 2574 vincula
992 2515 1100 2572 fnisset

161 2599 189 2647 .·‘
201 2592 267 2648 Non
289 2592 459 2650 obversatam
478 2611 539 2651 ease
553 2595 712 2654 memoriam
730 2596 820 2654 nocua
840 2595 922 2665 illius,
941 2613 1003 2668 que
1023 2601 1103 2667 pene

172 2677 190 2705 ‘⁸
202 2670 298 2728 ultima
310 2679 390 2744 atquo
404 2682 507 2733 eterna
519 2674 625 2730 nomini
639 2674 769 2730 Romano
782 2667 884 2730 tuorirt
910 2691 968 2729 non
980 2671 1102 2746 speciem

172 2755 191 2783 ‘⁸
202 2747 320 2824 agminis
333 2748 485 2817 Gallorum,
499 2770 547 2826 per
560 2745 709 2826 Tarpeiam
723 2769 819 2825 rupem
833 2750 1013 2808 scandentisl
1045 2766 1102 2806 nen

172 2835 190 2862 ‘⁴
201 2826 287 2902 ipsius
301 2825 340 2883 M.
355 2827 465 2895 Manlii,
479 2829 587 2903 qualem
610 2847 674 2886 eum
695 2840 839 2900 armatum,
863 2828 975 2902 plenum
995 2826 1103 2884 sudoris

173 2913 191 2942 “
202 2905 397 2980 aosanguinia,
413 2906 472 2980 ipso
481 2926 559 2982 pene
572 2905 642 2964 Jove
650 2919 744 2982 erepto
751 2925 785 2964 ex
794 2907 913 2964 hostium
921 2905 1058 2972 manibus,
1066 2903 1137 2960 vi-ad

107 2999 113 3006 ·
172 2991 192 3019 “
203 2983 308 3040 dissent
318 2984 330 3040 l
351 2984 499 3042 Selibriane
511 2984 589 3044 farris
599 2987 715 3060 gratiana
725 2984 855 3042 servatori
867 2985 959 3058 patriae
970 2982 1103 3040 relataml

173 3069 192 3098 ⁴⁸
203 3072 231 3118 et
243 3079 326 3135 quem
338 3061 422 3138 prope
436 3062 585 3131 caelestem,
605 3063 771 3138 cognomine
784 3062 857 3120 certe
873 3059 1028 3135 Capitolino
1040 3055 1106 3116 lovi

174 3147 194 3175 ⁸⁶
205 3155 309 3214 parem,
323 3141 449 3211 fecerint,
462 3159 525 3196 eum
539 3141 595 3214 pati
618 3141 742 3198 vinctum
755 3141 783 3197 in
797 3153 917 3207 careae,
928 3138 958 3196 iu
971 3135 1104 3208 tenebris,

175 3217 351 3287 “obnoxiam
364 3218 503 3278 carnificis
520 3218 632 3276 atbitrio
651 3221 754 3276 ducere
774 3219 917 3275 animaml
971 3214 1103 3273 nuceto

175 3304 194 3332 ‘⁶
206 3314 263 3356 uno
274 3297 403 3358 erunibus
416 3296 482 3356 satis
495 3297 592 3355 auxilii
606 3297 699 3364 fuisse,
713 3297 817 3353 nullam
830 3311 911 3370 opem
925 3294 954 3352 in
966 3309 1023 3350 tam
1036 3291 1140 3350 mul-ac

175 3372 241 3434 “tia
255 3374 304 3436 uni
316 3374 424 3436 esaet”
464 3374 527 3432 Jam
548 3393 584 3432 ne
603 3386 685 3433 nocte
705 3375 816 3448 qnidam
836 3374 918 3430 turba
936 3391 971 3429 er
990 3389 1028 3428 ee.
1043 3370 1106 3430 loon

175 3452 358 3519 dilabebatur,
384 3452 603 3528 refracturosque
623 3471 764 3510 carcerem
784 3451 978 3519 minabantur;
1011 3465 1106 3524 quum¹
1130 3520 1133 3528 1

175 3530 291 3592 remisso
304 3549 338 3590 ce
350 3531 423 3604 quod
435 3531 555 3606 erepturi
567 3543 656 3604 erant,
675 3550 711 3588 ea
722 3529 970 3589 senatus-consulto
983 3527 1110 3585 Manlius

176 3606 296 3668 vinculis
307 3607 455 3666 liberatur:
482 3625 537 3683 quo
550 3604 622 3669 fecto
635 3627 691 3666 non
714 3609 812 3666 reditio
832 3608 919 3674 linita,
934 3608 982 3665 sed
996 3607 1053 3667 dux
1065 3623 1110 3662 aaa

178 3682 279 3744 ditioni
291 3686 372 3744 datus
384 3696 435 3745 eat.
474 3686 528 3744 Per
540 3688 654 3746 eosdem
665 3688 726 3746 dies
748 3686 856 3744 [antimo
878 3695 908 3743 et
921 3684 1060 3754 Hernicis,
1071 3681 1140 3739 sto

177 3760 235 3819 mul
249 3763 354 3821 colonis
367 3763 574 3840 Circeiensibus
587 3776 615 3824 et
629 3785 645 3824 a
657 3765 780 3838 Velitris,
803 3765 988 3840 purgantibus
999 3783 1029 3822 se
1042 3759 1108 3819 Vol·
