2622 4194
134 303 175 386 sn
519 321 685 374 rimatur

135 447 283 524 tendebat:
303 462 386 540 idque
406 463 447 523 ita
466 463 597 524 ceciume
618 475 703 538 rates,
725 465 826 542 quique
847 465 876 526 in
897 466 965 526 urbe
978 475 1068 538 erunt,

135 561 257 618 quosque
270 542 305 600 ad
326 561 389 600 eam
411 561 470 600 rem
490 543 701 601 consultandam
720 563 756 602 ex
776 543 886 602 Etrurii
900 547 1067 604 acciverant.

134 619 296 696 Augebatur
317 622 352 678 ad
375 621 513 696 impensas
539 621 612 697 regis
637 622 754 680 animus.
794 621 891 697 Itaque
915 618 1068 683 Pometiae

134 698 283 771 manubiae,
297 717 358 774 que
371 699 549 774 perducendo
562 700 597 756 ad
611 700 721 757 culmen
735 701 811 775 operi
821 701 965 759 destinate
978 713 1066 770 erant,

134 775 181 832 rix
194 775 224 834 in
237 776 419 834 fundamenta
431 777 651 854 suppeditavere.
691 776 733 834 Ed
744 778 832 854 magis
845 775 943 845 Fabio,
957 791 1068 854 praeter·
1088 789 1103 830 ⁵

134 871 217 928 quarn
230 855 304 929 qudd
322 854 459 930 antiquior
478 866 529 926 est,
550 855 724 926 crediderim,
747 856 949 932 'quadringenta
965 875 999 914 oa
1011 857 1070 916 sola

133 930 239 990 talenta
259 933 353 1001 luisse,
376 933 459 1009 quim
479 933 582 1004 Pisoni,
603 933 650 1008 qui
670 934 851 1010 quadraginta
872 935 957 991 millia
977 935 1071 1010 pondo¹

134 1009 242 1085 argenti
255 1011 375 1086 seposita
388 1013 418 1068 in
437 1029 500 1069 eam
520 1029 579 1068 rem
600 1011 704 1082 scribit,
727 1031 863 1068 summam
883 1013 1009 1088 pecuniae
1022 1032 1070 1070 ne·

134 1105 188 1160 que
209 1106 244 1144 ex
266 1090 349 1146 nnius
368 1100 427 1147 tum
450 1089 529 1147 urbis
545 1090 640 1164 praedd
660 1090 833 1164 sperandam,
857 1099 886 1147 et
907 1087 1020 1158 nullius,
1033 1110 1069 1148 ne

134 1164 234 1222 borum
247 1167 360 1240 quidem
381 1167 595 1244 magnificentie
613 1185 737 1242 operum,
758 1165 939 1225 fundamenta
955 1188 1011 1226 uon
1024 1175 1103 1226 ers-1⁰

133 1253 333 1319 superaturam.
1183 1250 1185 1256 ’

140 1412 142 1417 ’
174 1399 251 1459 LVI.
285 1402 416 1461 Intentus
438 1401 609 1479 perficiendo
634 1403 746 1479 templo,
773 1402 856 1460 fabris
881 1403 1003 1478 undique
1035 1399 1072 1462 en

139 1479 251 1538 Etrurii
266 1480 374 1553 accitis,
387 1501 441 1539 non
456 1483 577 1557 pecunia
595 1477 687 1539 solum
709 1482 743 1538 ad
765 1481 793 1536 id
806 1479 918 1560 publice
931 1494 973 1538 est
994 1479 1070 1549 usus,

137 1559 186 1615 sed
197 1559 290 1634 operis
301 1559 384 1617 etiam
398 1577 434 1617 ex
450 1560 547 1634 plebe:
580 1561 626 1634 qui
648 1576 733 1634 quum
756 1559 830 1614 haud
853 1575 952 1633 parvus
972 1570 1000 1616 et
1013 1561 1071 1635 ipse

95 1667 99 1675 .
139 1635 244 1692 militie
258 1638 405 1694 adderetur
425 1638 513 1709 labor,
530 1637 627 1694 minus
649 1647 742 1694 tamen
763 1635 841 1710 plebs
854 1637 1027 1711 gravabatur,
1041 1653 1104 1694 sere

137 1712 242 1788 templa
254 1713 344 1770 Deum
358 1715 531 1771 exaedificare
545 1716 673 1772 manibus
694 1709 766 1770 suis:
794 1728 855 1788 quae
868 1715 982 1789 posthac
996 1726 1023 1772 et
1037 1716 1072 1772 ad

137 1791 201 1858 alia,
215 1802 247 1848 ut
260 1792 353 1867 speeie
366 1793 481 1862 minora,
503 1793 543 1849 sic
564 1793 664 1862 laboris
685 1791 826 1866 aliquanto
847 1791 968 1867 majoris,
981 1793 1073 1850 tradu-

137 1871 253 1927 cebatur
266 1887 366 1945 opera3
388 1870 458 1928 foros
473 1871 500 1926 in
518 1871 594 1928 circo
617 1871 768 1937 iaciendos,
789 1870 967 1944 cloacamque
988 1870 1074 1928 maxi·

140 1965 225 2020 mam,
239 1948 444 2023 receptaculum
458 1949 582 2006 omnium
595 1959 839 2024 purgamentorum
852 1948 937 2014 urbis,
956 1949 1007 2004 sub
1020 1959 1073 2004 ter·

138 2044 199 2083 ram
213 2027 367 2101 agendam:
387 2026 487 2100 quibus
500 2027 609 2083 duobus
620 2027 749 2100 operibus
770 2027 815 2082 vix
836 2045 907 2083 nova
924 2027 985 2082 haec
998 2040 1113 2101 mag-su*

140 2103 284 2162 nificentia
298 2104 447 2179 quidquam
468 2105 612 2178 adequare
635 2104 731 2178 potuit.
772 2103 825 2161 His
845 2104 984 2162 laboribus
997 2123 1074 2160 exer·

143 2181 200 2238 citt
212 2183 302 2257 plebe,
316 2183 381 2257 quia
393 2194 421 2240 et
434 2182 496 2239 urbi
517 2183 731 2254 multitudinem,
756 2182 803 2238 ubi
826 2201 892 2239 usus
914 2200 969 2238 noa
993 2193 1073 2252 esset,

140 2261 219 2318 oneri
232 2261 427 2333 rebaturesse,
450 2271 478 2318 et
498 2261 604 2318 colonis
627 2259 768 2317 mittendis
781 2259 911 2332 occupari
932 2257 1012 2315 latids
1025 2260 1075 2316 im·

139 2339 209 2414 perii
236 2339 305 2396 fines
331 2339 456 2408 volebat3
490 2339 615 2414 Signiam
642 2338 820 2411 Circejosque
847 2337 959 2394 colonos
990 2337 1074 2404 misit,

141 2417 269 2491 presidia
282 2417 344 2473 urbi
358 2417 533 2474 saturarent
546 2418 677 2488 marique.
719 2415 789 2470 Haeo
812 2415 905 2489 agenti
918 2425 1074 2490 portentum
1083 2429 1116 2468 ssa

140 2494 262 2551 terribile
277 2495 381 2562 visum3
410 2494 518 2568 anguis,
540 2513 576 2550 ex
596 2493 726 2550 columnia
747 2492 838 2566 lignee
859 2493 976 2567 elapsus,
990 2513 1075 2567 quum

141 2583 272 2631 terrorem
288 2571 436 2646 fugamque
451 2572 479 2627 in
493 2572 597 2646 regiam
614 2571 734 2643 iecisset,
757 2571 843 2645 ipsius
864 2572 936 2646 regis
950 2591 1006 2628 non
1019 2582 1075 2628 tam
1091 2599 1093 2608 ·

141 2649 232 2707 subito
255 2668 354 2724 pavore
374 2649 492 2724 perculit
513 2660 619 2725 pectus,
640 2650 722 2723 quam
744 2649 833 2706 anxiis
851 2650 973 2724 implevit
993 2650 1074 2706 curis

142 2727 240 2803 Itaque
253 2745 337 2802 quum
352 2729 386 2784 ad
400 2728 512 2803 publica
534 2728 659 2804 prodigia
680 2727 791 2784 Etrusci
811 2729 922 2784 tantum
940 2740 1016 2784 rates
1029 2728 1076 2784 ad-

142 2807 313 2879 hiberentur,
328 2807 381 2863 hoo
395 2806 469 2863 velut
482 2806 634 2864 domestico
657 2807 802 2864 exterritus
822 2807 890 2876 visu,
906 2806 1028 2880 Delphos
1041 2806 1109 2862 ada

141 2885 260 2942 maxime
282 2885 425 2960 inclytum
438 2885 466 2941 in
489 2885 569 2942 terris
589 2885 732 2942 oraculum
753 2885 860 2942 mittere
885 2885 995 2940 statuit:
1028 2902 1077 2940 ne-

142 2981 196 3038 que
222 2982 354 3038 responsa
380 2963 493 3020 sortium
527 2963 574 3018 ulli
602 2962 649 3019 alii
678 2963 849 3019 committere
882 2981 974 3032 ausus,
1008 2961 1077 3018 duos

143 3041 214 3098 filios
228 3060 276 3115 per
295 3042 402 3118 ignotas
422 3041 457 3098 erl
477 3052 640 3115 tempestate
663 3049 758 3106 terras,
784 3039 919 3114 ignotiora
938 3039 1032 3108 maria,
1047 3039 1079 3101 in

143 3119 282 3176 Graeciam
296 3120 380 3176 misit.
420 3119 653 3176 'PitusetAruns
670 3117 802 3193 profecti:
830 3135 923 3173 comes
944 3113 1077 3172 his'addi-

143 3209 189 3254 tus
199 3197 231 3254 L.
246 3196 349 3253 lunius
359 3197 469 3267 Brutus,
490 3196 646 3270 Tarquiniis
667 3215 758 3252 sorore
780 3195 853 3270 regis
865 3205 956 3266 natue,
967 3195 1112 3269 juventam

144 3276 226 3351 louge
240 3274 309 3332 alius
324 3275 446 3350 ingenio,
457 3277 539 3350 quelm
554 3275 633 3349 cujus
647 3273 849 3332 simulationem
864 3273 998 3330 induerat.
1038 3272 1079 3340 Is,

144 3373 230 3429 quum
245 3355 376 3430 primores
390 3354 519 3425 civitatis,
533 3353 561 3408 in
575 3352 674 3426 quibus
687 3352 798 3410 fratrem
814 3370 894 3408 suum
909 3352 943 3407 ab
957 3367 1079 3408 avuncu-

145 3433 173 3490 lo
186 3432 362 3489 interfectum
376 3431 507 3497 audisset,
522 3448 612 3504 neque
632 3430 661 3486 in
685 3431 777 3487 animo
794 3448 844 3486 suo
857 3430 1005 3504 quidquam
1019 3431 1078 3506 regi

146 3509 310 3577 timendum,
338 3527 427 3583 neque
448 3509 476 3564 in
505 3507 614 3565 fortunia
643 3508 898 3583 concupiscendum
925 3507 1078 3582 relinquere

147 3587 251 3660 statuit,
264 3597 478 3662 contemptuque
492 3597 567 3644 tutus
579 3603 648 3656 esse,
672 3586 719 3642 ubi
733 3586 762 3642 in
774 3586 835 3660 jure
848 3601 944 3658 parum
957 3586 1112 3660 presidiis

147 3675 229 3724 esset.
269 3665 345 3742 Ergo
367 3682 402 3720 en
423 3663 558 3730 industrii
582 3663 671 3720 lactus
694 3664 729 3719 ad
750 3661 930 3719 imitationem
947 3663 1079 3734 stultitiae,

148 3755 233 3818 quum
246 3761 276 3800 se
289 3759 391 3818 suaque
404 3742 503 3818 prede
516 3759 577 3799 esso
590 3741 649 3818 regi
663 3740 774 3809 sineret,
789 3739 867 3798 Bruti
885 3759 992 3818 quoque
1006 3741 1080 3800 hand
