2620 4200
497 385 601 434 LIBER
614 385 729 434 XXXIV.
756 397 859 432 clnrr.
946 447 947 452 ¹
1080 385 1138 446 253

248 522 297 583 IV.
324 527 431 602 “Saepe
445 545 489 583 me
503 537 661 601 querentem
682 525 717 582 de
737 525 920 590 soeminarum,
935 542 1006 598 saepe
1020 525 1054 581 de
1068 527 1136 606 viro-

164 604 171 610 ’
211 609 229 639 ‘¹
238 621 307 674 rum,
321 624 374 661 nec
388 606 422 661 de
445 605 608 678 privatorum
633 603 723 673 modb,
744 604 792 658 sed
813 602 896 659 etiam
917 602 1134 676 magistratuum}

211 683 390 755 “sumptibus
404 682 517 738 audistis
528 701 548 750 ;Ι
565 681 732 754 diversisque
753 679 861 735 duobus
881 679 962 749 vitiis,
976 681 1087 736 avaritia
1107 679 1136 738 el

210 756 354 830 “luxurid,
369 760 507 816 civitatem
521 759 643 814 laborare
655 778 661 826 ;
689 777 749 830 quae
763 769 854 832 pestes
867 756 960 812 omnia
973 775 1072 830 magna
1086 757 1136 830 im'd

187 835 310 906 5“peria
323 847 487 894 everterunt.
528 836 599 891 Haeo
612 854 674 909 ego,
688 834 741 908 qud
755 833 850 890 melior
873 834 1012 906 laetiorque
1034 835 1061 890 in
1076 835 1135 892 dies

207 910 343 968 “fortuna
363 914 521 988 reipublioae
547 924 598 984 est,
629 913 826 986 imperiumque
847 911 954 980 crescit,
975 921 1003 966 et
1029 911 1085 986 jam
1106 913 1136 969 in

206 987 370 1046 “Graeciam
394 991 551 1064 'Asiamque
579 990 809 1059 transcendimus,
835 989 962 1044 omnibus
989 988 1136 1046 libidinum

206 1063 372 1123 “illecebris
392 1069 517 1143 repletas,
531 1067 662 1140 attegias
682 1067 764 1123 etiam
779 1072 956 1122 attrectamus
968 1084 1072 1140 gazas3
1100 1067 1135 1124 eb

206 1149 224 1178 ‘⁶
233 1140 293 1214 piris
307 1144 412 1216 horreo,
427 1165 461 1200 ne
476 1145 528 1200 illae
542 1145 630 1218 magis
643 1163 687 1199 res
701 1163 750 1199 nos
762 1143 895 1216 ceperint,
907 1141 987 1215 quim
1003 1161 1052 1199 nos
1065 1144 1142 1200 illas

174 1241 196 1280 10
207 1226 224 1254 “
234 1218 346 1292 Infesta,
362 1223 429 1278 mihi
444 1223 557 1292 credite,
571 1223 651 1296 signa
673 1221 708 1276 ab
732 1220 875 1294 Syracusis
896 1220 970 1276 illata
991 1229 1055 1276 sunt
1070 1221 1136 1278 huia

206 1303 224 1332 “
233 1297 302 1352 urbi.
343 1299 406 1354 Jarn
421 1299 504 1355 nimis
517 1298 616 1354 multos
630 1299 712 1354 audio
726 1297 852 1354 Corinthi
866 1307 893 1352 et
907 1297 1079 1353 Athenarum
1093 1318 1136 1355 or-

205 1380 364 1432 “namenta
386 1376 531 1432 laudantes
551 1376 744 1447 mirantesque,
764 1386 792 1431 et
815 1373 936 1430 antefixa
956 1375 1050 1431 fictilia
1064 1375 1136 1432 Deo-

205 1457 293 1507 “rum
307 1453 496 1509 Romanorum
511 1453 639 1510 ridentes.
679 1453 740 1528 Ego
753 1452 802 1508 hos
816 1452 888 1507 malo
900 1452 1029 1524 propitios
1042 1451 1135 1521 Deos3

205 1535 260 1583 “et
274 1530 311 1585 ita
325 1549 403 1604 spero
424 1530 538 1596 futuros,
563 1531 585 1585 si
599 1530 627 1586 in
651 1529 707 1585 suis
727 1547 839 1584 manere
859 1529 970 1584 sedibus
989 1529 1135 1602 patiemur.

172 1603 344 1666 15“Patrum
358 1618 512 1664 nostrorum
526 1607 725 1682 memorid,per
737 1605 857 1681 legatum
872 1605 988 1661 Cineam
1003 1606 1134 1682 Pyrrhus,

204 1684 426 1750 “nouvirorum
447 1684 539 1750 modii,
566 1685 718 1740 sedetiam
748 1683 902 1753 mulierum,
929 1683 1035 1739 animos
1055 1684 1135 1740 doni's

203 1761 352 1816 “tentavit
403 1761 535 1816 Nondum
559 1760 603 1816 lex
627 1761 719 1834 Oppia
739 1761 773 1815 ad
794 1760 976 1816 coercendam
996 1759 1134 1816 luxuriam

204 1837 393 1893 “muliebrem
420 1837 567 1893 latuerat:
589 1849 680 1893 tamen
702 1837 777 1892 nulla
796 1837 912 1912 accepit.
952 1836 1048 1896 Quam
1069 1857 1134 1894 oau-

204 1919 289 1968 “sam
304 1914 388 1969 suisse
402 1915 541 1969 oensetisl
581 1914 687 1969 Eadem
704 1914 762 1982 suit,
786 1933 848 1986 quae
871 1914 1020 1988 majoribus
1034 1915 1133 1970 nostris

168 1989 299 2050 20“nihil
320 1991 355 2045 de
376 1992 428 2046 hao
448 2009 477 2045 ru
497 1990 558 2063 lege
579 1991 740 2046 sanoiendi:
762 1990 837 2045 nulla
857 2002 915 2045 erat
935 1991 1049 2059 luxuria,
1072 2009 1133 2066 quae

203 2075 221 2102 ‘⁶
230 2074 413 2123 coerceretur.
454 2067 534 2122 Siout
547 2067 609 2122 antd
624 2066 732 2122 morbos
755 2085 867 2123 neeesse
891 2077 932 2122 est
952 2068 1077 2140 cognitos
1090 2087 1136 2124 es·

203 2151 221 2178 ‘⁴
230 2161 269 2208 se,
283 2145 365 2217 quam
379 2144 501 2200 remedia
514 2162 608 2199 eorum
621 2163 629 2210 3
650 2145 691 2199 sio
706 2143 868 2216 cupiditates
881 2144 960 2218 prids
972 2154 1044 2198 natae
1058 2155 1132 2212 sunt,

203 2221 311 2292 “quam
325 2221 409 2296 legas,
425 2241 485 2294 quae
507 2221 539 2276 iis
560 2221 671 2276 modum
693 2221 827 2276 lacerent..
862 2221 940 2280 Quid
956 2222 1043 2294 legem
1059 2222 1133 2278 Lici-

202 2298 304 2353 “niam
319 2298 448 2354 excitavit
462 2300 496 2354 de
510 2298 668 2371 quingentis
686 2297 837 2371 jugeribus,
852 2298 904 2353 nisi
919 2299 1016 2372 ingens
1030 2299 1133 2370 cupido

167 2383 220 2434 π’*
230 2393 309 2449 agros
336 2375 540 2432 continuandil
580 2375 659 2434 Quid
686 2375 775 2449 legem
803 2375 929 2430 Cinciam
951 2376 985 2430 de
1005 2375 1084 2430 donis
1103 2385 1132 2431 et

202 2461 220 2524 ‘f
231 2453 401 2525 muneribus,
416 2453 468 2509 nisi
482 2452 546 2525 quia
559 2452 700 2526 vectigalis
721 2452 777 2525 jam
791 2461 819 2506 et
841 2451 1018 2525 stipendiaria
1037 2452 1133 2524 plebes

201 2535 289 2584 “esse
310 2531 418 2586 senatui
439 2531 580 2604 ooeperatl
632 2529 729 2602 Itaque
749 2529 863 2584 minime
885 2529 982 2584 mirum
1006 2539 1055 2598 est,
1076 2547 1130 2586 nee
1163 2597 1165 2602 ,

160 2601 165 2622 ¹
200 2612 218 2644 “
227 2605 356 2680 Oppiam,
383 2627 437 2664 neo
458 2607 538 2662 aliam
560 2607 642 2662 ullam
662 2603 721 2662 tum
748 2606 837 2678 legem
858 2606 1039 2662 desideratam
1060 2625 1129 2676 esse,

200 2689 286 2755 “quae
300 2686 411 2740 modurn
433 2685 587 2760 sumptibus
598 2683 746 2739 mulierum
768 2683 880 2754 faceret,
894 2701 977 2756 quum
992 2701 1087 2739 aurum
1101 2695 1130 2740 et

166 2767 219 2821 ³0“
227 2777 374 2832 purpuram
389 2762 453 2816 data
465 2772 493 2820 et
506 2761 595 2819 oblata
618 2761 688 2816 ultro
708 2779 763 2816 non
787 2760 967 2834 auoipiebant.
1009 2761 1039 2816 Si
1053 2778 1129 2816 nuno

200 2841 291 2890 “cum
306 2836 359 2892 illis
373 2837 452 2892 donis
466 2838 568 2892 Cineas
592 2839 687 2893 urbem
707 2837 876 2902 circumiret,
896 2846 998 2891 stantes
1012 2837 1040 2891 in
1060 2837 1129 2908 pub-
1156 2851 1157 2856 ¹

199 2912 280 2968 “lico
294 2913 453 2984 invenisset,
467 2931 526 2986 quae
547 2914 712 2987 acciperent.
753 2917 844 2986 Atque
865 2931 917 2986 ego
935 2913 1129 2970 nonnullarum

198 2995 217 3028 “
226 2991 408 3064 cupiditatum
428 3009 464 3046 ne
484 3007 596 3046 oausam
617 2990 726 3064 quidem
749 3001 800 3066 *aut
819 2990 952 3047 rationem
979 2989 1050 3045 inire
1067 3009 1128 3064 pos-

198 3073 286 3122 “sum
299 3087 315 3124 z»
339 3077 403 3124 'narn
431 3077 469 3138 ut,
496 3068 568 3140 quod
589 3067 634 3124 alii
653 3067 744 3136 liceat,
765 3067 814 3123 tibi
834 3086 890 3122 non
910 3066 1003 3132 liuere,
1025 3066 1127 3143 aliquid

165 3143 341 3206 afflatuue
368 3144 500 3200 naturalis
520 3155 568 3201 aut
587 3145 697 3218 pudoris
717 3155 764 3200 aut
788 3143 987 3217 indignationis
1006 3144 1125 3215 habeat3

198 3227 216 3259 “
225 3221 276 3287 sio,
291 3233 398 3295 aequato
411 3223 535 3278 omnium
549 3223 634 3287 cultu,
648 3221 713 3294 quid
737 3239 907 3294 unaquaeque
920 3223 1036 3277 vestrum
1052 3240 1127 3279 vere·

197 3305 278 3368 “tur,
294 3318 329 3355 ne
350 3300 378 3354 in
400 3316 429 3354 se
444 3299 650 3372 conspiciaturl
690 3297 830 3354 Pessimus
843 3297 953 3370 quidem
972 3300 1059 3372 pudor
1082 3311 1126 3356 est

197 3381 216 3414 ‘⁶
225 3376 266 3432 vel
280 3376 462 3449 parsimonie,
477 3375 518 3432 vel
532 3375 713 3448 paupertatis:
728 3376 776 3430 sed
788 3385 932 3446 utrumque
942 3374 986 3432 lox
995 3376 1069 3432 robis
1080 3376 1128 3432 de·

197 3452 283 3518 “mit‚
297 3472 382 3526 quum
397 3453 434 3518 id,
448 3453 520 3525 quod
534 3453 634 3508 habere
648 3471 703 3508 non
716 3451 790 3516 licet,
802 3470 856 3506 non
869 3451 983 3512 habetis.
1004 3452 1127 3520 ‘fluum'

164 3527 320 3606 ro“inquit,
348 3531 452 3604 ‘ipsam
477 3529 693 3601 exaequationem
719 3547 773 3584 non
805 3527 882 3593 fero‚’
909 3528 955 3584 illa
981 3529 1127 3602 locuples:

197 3612 294 3662 “‘eur
315 3627 369 3664 non
392 3606 509 3682 insignis
531 3625 597 3660 auro
617 3617 645 3662 et
665 3605 784 3679 purpura
797 3605 976 3678 oonspioiorl
998 3623 1047 3661 aur
1060 3626 1128 3682 pau-

197 3688 333 3756 “‘‚pertas
347 3683 460 3740 aliarum
474 3683 525 3740 sub
540 3683 592 3738 huo
606 3683 674 3757 legis
687 3683 778 3756 specie
799 3682 874 3745 latet,
893 3693 934 3748 ut,
957 3683 1028 3753 quod
1044 3685 1128 3743 habe-

151 3829 154 3841 ·
193 3765 271 3816 “‘re
284 3779 340 3817 non
353 3774 476 3834 possunt,
501 3759 642 3873 hgbiturm
666 3761 689 3816 si
713 3759 815 3828 liceret,
837 3757 920 3820 fuisse
940 3758 1084 3820 videantur
1097 3764 1126 3820 l’

499 3839 537 3895 gu

1264 2526 1270 2548 Ι
