2622 4194
110 351 112 356 s
148 305 191 384 'qq
537 285 605 366 rin
621 315 704 368 mvn

152 457 349 539 spoliatum-ibi
362 475 471 548 corpus,
495 458 673 549 Sicciumque
694 457 723 516 in
737 458 830 517 medio
843 457 983 534 jacentem
998 474 1086 518 arma·

37 614 39 622 y
53 573 55 576 ·
151 552 272 615 tumque,
286 537 416 596 omnibus
428 555 457 593 rn
471 555 535 593 eum
550 556 634 594 versis
647 537 818 612 corporibus,
832 537 943 606 vidire3
964 537 1084 595 hostiurn
1144 549 1151 559 ‘

150 635 241 692 neque
255 635 354 692 corpus
367 614 464 681 ullum,
488 633 541 672 nec
555 615 670 691 vestigia
693 615 872 684 abeuntium3
901 615 1025 690 prolectd
1049 617 1085 674 ab

150 696 208 752 suis
221 695 396 752 intersectum
418 707 612 760 memorantes,
633 691 753 750 retulere
766 711 874 768 corpus.
915 693 1084 768 Invidiaeque

149 773 231 848 plena
242 784 331 850 eastra
344 781 439 840 erant;
465 781 494 827 et
506 771 627 828 Romam
642 771 705 829 ferri
718 771 842 846 protinus
857 771 980 830 Siccium
995 772 1084 848 place-
1104 784 1118 823 ⁵

127 851 205 924 bat,
219 851 249 908 ni
263 849 413 908 decemviri
428 849 511 906 sunus
533 849 650 906 militare
671 849 698 905 ei
719 847 831 923 publict
852 849 978 924 impensi
991 849 1083 907 lacere
1112 875 1115 882 Δ

148 930 342 988 maturtssent.
384 927 512 1002 Sepultus
535 927 641 1002 ingenti
665 926 783 984 militum
804 928 945 995 rnoestitii,
964 927 1093 1003 pessimti'

149 1007 368 1066 decemvirorum
382 1005 411 1062 in
424 1005 522 1080 vulgus
535 1005 617 1077 sanat,
631 1016 681 1063 est.

147 1165 166 1196 ²
187 1163 294 1223 XLIV.
316 1163 446 1238 Sequitur
459 1163 534 1220 aliud
548 1162 577 1222 in
598 1163 674 1221 Urbe
691 1163 777 1234 nefas,
802 1164 837 1220 ab
855 1163 970 1220 libidine
982 1173 1082 1230 ortum,

148 1243 223 1300 haud
236 1242 328 1300 mimis
340 1242 414 1299 soedo
427 1252 537 1313 euentu,
562 1242 645 1315 quiam
666 1243 740 1316 quod
762 1260 811 1316 per
828 1252 952 1316 stuprum
966 1241 1084 1298 caedem·
1093 1253 1118 1293 1o

147 1335 202 1395 que
215 1320 353 1379 Lucretiae
365 1319 443 1378 Urbe
456 1339 595 1395 regnoque
617 1313 785 1394 Tarquinios
798 1320 956 1394 expuleratt
984 1329 1083 1392 utnon

147 1399 211 1458 finis
225 1398 312 1458 soltim
325 1398 399 1456 idem
412 1397 585 1464 decemviris,
609 1398 656 1472 qui
677 1397 798 1473 regibus,
820 1397 869 1454 sed
893 1413 977 1454 causa
999 1397 1083 1454 etiam

147 1479 247 1536 eadem
257 1477 368 1553 imperii
382 1475 526 1532 amittendi
540 1486 621 1533 esset.
664 1479 717 1551 Ap,
732 1475 882 1533 Claudium
896 1475 1010 1549 virginis
1026 1475 1084 1550 ple-

147 1555 217 1633 bcjae
230 1555 387 1631 stuprandae
411 1553 496 1611 libido
517 1554 598 1628 cepit.
638 1553 720 1611 Pater
743 1553 867 1629 virginis,
881 1552 914 1611 L.
929 1553 1082 1628 Virginius,

147 1633 293 1692 honestum
315 1631 441 1690 ordinem
468 1633 497 1688 in
519 1632 630 1707 'Algido
651 1631 780 1698 ducebat,
806 1631 847 1688 vir
866 1631 986 1706 exempli
1014 1631 1116 1688 rectio

145 1713 222 1772 dorni
242 1710 410 1784 militiaeque.
451 1709 570 1766 Perinde
593 1727 660 1766 uxor
683 1709 809 1766 instituta
831 1709 929 1780 suerat,
949 1709 1083 1784 liberique

99 1829 100 1840 .
146 1788 369 1848 instituebantur.
410 1787 602 1862 Desponderat
615 1787 698 1844 filiam
712 1787 744 1843 L.
759 1786 841 1844 Icilio
853 1787 1012 1859 tribunicio,
1025 1787 1084 1846 viro

147 1869 215 1940 acri,
229 1877 257 1925 et
270 1887 319 1942 pro
332 1869 416 1922 causb
431 1865 520 1940 plebis
540 1876 661 1939 experte
685 1865 800 1923 virtutis.
841 1865 925 1922 Hanc
948 1865 1083 1940 virginem

147 1947 281 2022 adultam,
294 1945 382 2002 format
402 1943 594 2011 excellentem,
617 1944 734 2019 Appius,
756 1963 848 2000 amore
872 1945 981 2009 ardens,
995 1943 1083 2018 pretio

145 2044 181 2082 ac
194 2043 243 2100 spe
256 2023 385 2098 pellicere
407 2023 527 2089 adortus,
548 2033 692 2096 postquam
705 2021 799 2079 omnia
811 2021 916 2097 pudore
929 2031 1007 2098 septa
1026 2022 1117 2078 nni-ar

146 2103 337 2170 madverterat,
362 2101 397 2156 ad
417 2099 558 2157 crudelem
581 2101 781 2174 superbamque
804 2100 859 2156 vim
881 2099 1003 2156 animum
1017 2117 1084 2157 con·

146 2180 236 2238 vertit.
276 2178 317 2236 M.
330 2177 557 2236 Claudio'clientl
580 2177 722 2253 negotium
743 2177 830 2244 dedit,
853 2188 883 2235 ut
905 2177 1038 2252 virginem
1053 2179 1082 2236 in

146 2259 305 2317 servitutem
327 2266 470 2328 assereret,
491 2273 581 2330 neque
605 2256 717 2313 cederet
743 2255 898 2314 secundum
927 2255 1089 2314 libertatem

144 2337 348 2414 postulantibus
362 2335 512 2404 vindicias;
545 2331 617 2408 qnod
633 2343 710 2408 pater
730 2334 829 2408 puellae
851 2334 968 2400 abesset,
990 2333 1082 2391 locum

146 2415 254 2491 injuriae
267 2433 329 2492 esse
342 2424 425 2470 ratus.
466 2412 587 2486 Virgini,
601 2410 724 2468 venienti
738 2411 767 2467 in
783 2411 870 2468 forum
894 2410 946 2487 (ibi
964 2423 1116 2486 namqueas

145 2492 176 2550 in
190 2492 312 2550 tabernis
325 2491 466 2548 literarum
484 2489 543 2544 ludi
556 2490 659 2565 crant),
681 2488 806 2546 minister
830 2490 979 2547 decemviri
993 2487 1083 2548 libidi-

145 2571 191 2628 nis
204 2587 317 2626 manum
332 2568 445 2644 injecit3
466 2567 545 2623 servia
558 2568 608 2622 sub
624 2577 717 2623 natam
739 2565 913 2642 (servamque
927 2568 1083 2648 appellans)

133 2648 224 2722 sequi
246 2666 275 2704 se
299 2646 432 2722 jubebat3
465 2654 645 2702 cunctantem
669 2645 694 2701 ri
721 2646 932 2702 abstracturum.
980 2646 1083 2704 Pavidtt

145 2725 238 2803 puellt
251 2733 387 2800 stupente,
403 2724 437 2780 ad
451 2723 598 2780 clamorem
619 2723 744 2794 nutricis,
768 2723 851 2780 fidem
865 2721 1018 2784 Quiritium
1032 2724 1083 2782 irn-

145 2805 288 2882 plorantis,
302 2803 333 2860 fit
345 2821 507 2860 concursus.
547 2800 669 2878 Virginii
682 2801 767 2876 patris
787 2802 934 2876 sponsique
948 2802 1021 2860 Icilii
1034 2811 1114 2878 po-so

103 2885 104 2893 ’
145 2884 240 2959 pulare
255 2901 357 2941 nomen
376 2881 547 2937 celebratur:
580 2891 659 2937 notos
676 2879 766 2954 gratia
783 2899 888 2948 eorum,
912 2881 1020 2938 turbam
1041 2883 1083 2938 in·
1121 2905 1125 2913 ¹

146 2963 267 3037 dignitas
280 2961 330 3028 rei,
346 2959 444 3036 virgini
464 2958 602 3017 conciliat.
642 2957 706 3014 Jam
727 2975 744 3014 o
763 2957 789 3015 ri
810 2969 869 3016 tuta
888 2967 964 3025 erat;
995 2977 1081 3032 quum

146 3049 263 3096 assertor
276 3039 344 3096 nibil
358 3057 427 3112 opus
440 3047 501 3093 esse
521 3035 699 3092 multitudine
722 3037 860 3093 eoncitatt
883 3035 939 3102 ait;
972 3053 1002 3090 se
1018 3035 1080 3110 jure

146 3117 275 3192 grassari,
295 3135 350 3173 non
363 3117 399 3172 vi.
439 3115 529 3173 Vocat
552 3113 672 3189 puellam
696 3113 725 3169 in
748 3113 809 3188 jus3
842 3110 1010 3184 auctoribus,
1032 3112 1079 3188 qui

146 3195 269 3263 aderant,
284 3203 314 3251 ut
327 3203 492 3268 sequeretur.
534 3193 581 3249 Ad
595 3191 714 3249 tribunal
739 3191 823 3266 Appii
845 3199 1005 3265 perventum
1019 3201 1113 3249 estrat

146 3283 241 3332 notam
259 3271 348 3347 judici
362 3271 482 3328 fabulam
495 3270 602 3346 petitor,
626 3268 727 3345 quippe
749 3269 821 3344 apud
836 3268 925 3344 ipsum
938 3279 1081 3330 auctorem

146 3349 311 3428 argumenti,
325 3350 447 3424 peragit3
474 3349 603 3425 puellam,
625 3347 699 3404 dorni
713 3363 770 3404 suto
783 3356 886 3414 natam,
901 3345 1026 3422 furtoque
1039 3347 1082 3405 in·

146 3432 182 3488 de
202 3430 232 3487 in
252 3429 365 3486 domurn
384 3427 505 3506 virginii
525 3426 694 3497 translatam,
714 3425 884 3501 suppositam
896 3425 921 3480 ei
935 3443 1005 3482 esse.
1046 3425 1081 3484 Id

146 3523 177 3566 se
190 3507 295 3567 indicio
315 3517 486 3582 compertum
509 3507 615 3574 afferre,
629 3504 872 3581 probaturumque,
884 3502 926 3558 vel
941 3502 1001 3578 ipso
1019 3504 1092 3564 Vir-¹

146 3587 225 3659 ginio
246 3585 351 3662 judice,
382 3586 417 3642 ad
436 3605 517 3661 quern
537 3585 622 3660 major
645 3601 708 3658 pars
727 3582 835 3658 injurie
856 3580 916 3658 ejus
935 3582 1113 3657 pertinento

147 3662 263 3722 Interim
289 3663 433 3722 dominum
453 3665 529 3738 sequi
543 3662 681 3728 ancillam,
703 3677 811 3735 requam
833 3667 905 3717 esse.
944 3661 1079 3720 Advocati

146 3739 256 3821 puellae,
270 3759 356 3820 quum
369 3741 527 3818 virginium
545 3739 702 3817 reipublice
722 3741 807 3798 coust
827 3739 962 3801 dixissent
974 3741 1079 3808 abesse,
