2622 4194
442 339 509 394 'l’l'l'l
524 342 606 396 lell

76 503 120 546 tor
133 485 208 553 inde,
231 501 435 560 concursusque
456 487 560 562 populi,
579 485 740 544 mirantium
758 485 824 562 quid
847 481 887 544 rei
908 493 992 544 esset«

76 563 197 638 lanaquil
212 561 283 620 inter
298 565 446 622 tumultum
458 565 550 622 claudi
564 565 667 640 regiam
687 565 776 642 jubet,
798 564 914 622 arbitros
934 563 992 640 ejee

76 641 117 698 it:
138 640 230 708 simul,
244 661 304 717 qua
317 643 440 724 curando
460 643 566 700 vulneri
586 663 654 718 opus
674 655 748 715 sunt,
770 653 908 716 tamquam
926 660 989 716 spes

76 717 193 790 obesset,
214 717 311 776 sedulb
334 731 492 794 comparat:
525 721 615 794 simul,
636 721 659 778 si
684 721 814 778 destituat
836 739 908 794 spes,
935 719 992 776 alia

76 797 186 854 residit
198 798 316 855 molitur.
358 799 454 855 Servio
465 800 579 874 propere
593 799 682 856 accito
701 818 786 874 quum
799 816 878 874 piene
891 815 988 853 exsan·
1009 807 1023 852 t

76 893 143 931 'uem
156 875 243 932 virum
256 876 420 934 ostendisset
430 896 447 945 ;·
467 877 591 934 dextram
612 887 709 934 tenens
726 887 793 946 orat,
815 895 850 932 ne
873 875 988 932 inultam

76 963 174 1010 nortem
199 954 297 1026 soceri,
323 973 359 1010 ne
391 973 500 1022 socrum
525 953 645 1012 inimicis
670 954 788 1011 ludibrio
820 973 881 1010 esse
907 953 988 1010 sinat.

76 1031 78 1060 ³
89 1030 185 1087 Tuum
198 1033 268 1103 est,'’
281 1031 378 1104 inquit,
391 1035 409 1066 “
419 1033 507 1098 Servi,
521 1033 543 1088 si
557 1033 596 1089 vir
609 1052 649 1099 es,
661 1051 797 1106 regnum
816 1050 871 1090 non
883 1049 988 1100 eorumq

76 1109 135 1181 ³qui
149 1109 246 1165 alienis
266 1110 393 1166 manibus
414 1109 563 1183 pessimum
584 1110 691 1166 lacinus
712 1110 811 1166 fecere.
852 1109 936 1181 Erige
949 1121 988 1174 te,

76 1186 217 1260 ³Deosque
230 1188 316 1244 duces
329 1207 453 1262 sequere,
474 1188 519 1261 qui
543 1188 647 1244 clarum
662 1189 715 1246 hoc
728 1187 785 1244 fore
799 1197 882 1260 caput
895 1186 988 1244 divino
998 1197 1021 1236 1⁰

88 1264 224 1338 quondam
239 1263 406 1322 circumfuso
418 1265 476 1340 igni
492 1267 696 1340 portenderunt.
736 1266 821 1322 Nunc
833 1278 860 1322 te
873 1263 920 1320 illa
933 1282 990 1320 coe-

87 1342 162 1399 lestis
183 1341 285 1400 excitet
304 1343 430 1400 flamma:
458 1363 533 1400 nunc
556 1345 746 1418 expergiscere
770 1341 842 1400 rere.
883 1341 920 1398 Et
937 1360 988 1398 nos

87 1419 225 1496 peregrini
239 1420 422 1496 regnavimus
462 1421 522 1481 Qui
543 1422 589 1493 sis,
611 1441 667 1478 non
689 1422 764 1479 unde
784 1433 865 1478 natus
878 1420 925 1486 sis,
947 1438 988 1475 re·

85 1509 160 1572 puta.
201 1498 232 1556 Si
246 1510 293 1556 tua
306 1516 335 1555 re
344 1499 435 1556 subita
446 1499 561 1556 consilia
569 1511 685 1574 torpent,
695 1510 722 1556 at
733 1510 762 1556 tu
771 1519 833 1556 mee
843 1493 990 1571 sequere.’'

76 1580 155 1638 tuum
168 1577 271 1634 clamor
284 1577 454 1652 impetusque
474 1577 657 1634 multitudinis
679 1576 725 1634 vix
746 1577 874 1634 sustineri
887 1584 1023 1652 possetpro

76 1674 92 1710 rr
104 1655 243 1728 superiore
254 1667 330 1729 parte
343 1655 444 1710 aedium
458 1674 505 1730 per
526 1654 667 1722 fenestras,
681 1655 710 1710 in
724 1653 832 1711 Novam
846 1655 917 1712 viem
930 1671 988 1708 ver·

76 1751 101 1788 es
116 1731 269 1806 (habitabat
281 1732 355 1788 enim
369 1751 417 1788 ren
431 1731 465 1788 ad
489 1731 564 1788 Jovis
589 1732 727 1810 Statoris),
750 1733 880 1808 populum
894 1733 990 1788 Tana·

76 1809 112 1866 uil
134 1808 294 1884 alloquitur:
319 1809 398 1884 jubet
418 1810 517 1867 “bono
538 1809 629 1868 animo
652 1829 729 1879 esse3
762 1811 881 1884 sopitum
901 1809 987 1866 fuisse

86 1907 180 1966 regem
201 1887 292 1945 subito
314 1888 388 1945 ictu:
416 1889 518 1948 serrum
541 1887 614 1948 haud
637 1888 691 1964 alte
713 1889 741 1949 in
762 1909 860 1968 corpus
873 1890 987 1948 descen·

87 1969 178 2027 disse:
201 1969 261 2045 jam
280 1969 314 2026 ad
338 1987 367 2025 so
380 1969 492 2027 redisse.
545 1969 706 2045 Inspectum
732 1970 840 2043 vulnus,
863 1971 1020 2029 abstersoeo

85 2065 191 2104 cruore.
231 2047 335 2105 Omnia
347 2049 467 2104 salubria
480 2049 558 2106 esse:
585 2049 734 2117 confidere,
757 2068 841 2124 prope
857 2051 931 2106 diem
944 2050 986 2124 ip·

86 2145 146 2182 sum
160 2144 207 2182 eos
220 2125 332 2182 visuros,
373 2127 488 2183 Interim
511 2127 606 2184 Servio
626 2127 721 2185 Tullio
738 2127 835 2204 jubere
855 2129 986 2203 populum

85 2203 159 2262 dicto
172 2203 331 2262 audientem
344 2223 412 2260 esse.
439 2203 512 2262 Eum
523 2205 586 2281 jura
599 2206 779 2273 redditurum,
793 2206 987 2280 obiturumque

85 2281 138 2338 alia
151 2282 224 2358 regis
236 2283 331 2340 munia
344 2283 433 2340 esse.”
474 2283 586 2340 Servius
599 2303 663 2340 cum
676 2284 772 2340 trabea
794 2295 822 2340 et
842 2285 985 2344 lictoribus

76 2361 145 2418 rodit
153 2381 160 2430 ;
188 2379 229 2431 ac,
244 2361 309 2417 sede
322 2362 397 2436 regit
411 2361 520 2428 sedens,
544 2361 597 2417 alia
610 2361 743 2432 decernit,
758 2361 792 2416 de
806 2362 865 2418 aliis
879 2367 1018 2422 consul-2⁵

76 2458 146 2495 rrum
167 2457 195 2494 se
218 2457 313 2512 regem
339 2457 399 2494 esse
423 2438 540 2494 simulat.
593 2437 700 2512 Itaque,
726 2457 774 2512 per
800 2439 903 2514 aliquot
926 2441 986 2498 dies

76 2534 152 2590 quum
164 2515 221 2590 jam
234 2515 590 2648 exspirtissetTarquiniusZ
602 2515 691 2572 celata
704 2528 799 2584 morte,
808 2519 1019 2594 perspeciem?

76 2595 151 2650 lienae
165 2592 313 2666 lungeudae
327 2592 394 2648 vicis
407 2612 470 2648 suas
483 2611 549 2667 opes
589 2595 705 2650 rmavit:
740 2605 799 2652 tum
813 2596 926 2654 demum
940 2619 985 2674 pa·
999 2607 1013 2648 5²

76 2691 108 2728 :m
122 2671 204 2741 lactc,
218 2680 245 2726 et
258 2669 471 2744 comploratione
486 2671 514 2726 in
535 2671 612 2746 regila
632 2673 701 2738 orte,
723 2673 845 2746 Servius,
858 2675 984 2748 presidio
999 2669 1017 2752 Ξ

76 2769 132 2806 rmo
145 2747 278 2814 munitus,
291 2747 394 2822 primus
407 2749 513 2824 injussu
526 2750 628 2822 populi,
647 2750 785 2808 voluntate
799 2750 910 2809 Parrum
924 2773 985 2830 reg·
998 2803 1012 2830 ‚

76 2828 136 2884 avit.
177 2826 253 2884 Anci
273 2825 362 2892 liberi,
385 2826 442 2901 jam
463 2837 521 2883 tum
547 2829 753 2902 comprehensis
774 2829 885 2886 sceleris
905 2833 1013 2894 mini-'0

78 2908 123 2974 ris,
139 2916 168 2963 ut
182 2905 271 2962 vivere
284 2921 388 2978 regem,
412 2914 440 2961 et
457 2915 547 2961 tantas
560 2924 620 2962 esse
633 2925 699 2980 opes
721 2908 809 2964 Servii
827 2909 984 2968 nuntiatum
998 2930 1019 2978 it

76 2995 102 3054 rt,
118 2985 249 3040 Suessam
262 2981 414 3039 Pometiam
427 2983 582 3040 exsulatum
595 2984 691 3042 ierant.
992 2979 1018 3036 Ξ

90 3137 185 3196 XLII.
211 3138 275 3196 Nec
293 3139 350 3214 jam
363 3138 481 3214 publicis
504 3138 592 3216 magis
613 3139 735 3197 consiliis
756 3140 877 3207 Servius,
900 3139 982 3216 quim

76 3217 173 3287 rivalis,
187 3217 294 3272 munire
310 3236 392 3292 opes:
418 3227 445 3274 et
466 3237 511 3289 ne,
534 3217 622 3291 qualis
640 3218 715 3274 Anci
735 3218 851 3275 liberbm
875 3221 1019 3278 animosas

76 3297 182 3354 lversus
206 3293 390 3366 Tarquinium
414 3295 513 3361 suerat„
537 3295 599 3352 talis
625 3296 755 3352 adversus
780 3314 810 3352 se
836 3295 982 3374 Tarquinii

76 3375 167 3432 henim
181 3380 262 3441 esset,
276 3371 344 3427 duas
357 3371 426 3428 filias
436 3373 583 3446 juvenibus
594 3373 685 3447 regiis,
697 3373 785 3432 Lucio
796 3385 876 3448 atque
891 3378 983 3433 Arun-

93 3449 263 3525 Tarquiniis‚
282 3448 381 3523 jungit.
430 3449 492 3506 Nec
513 3449 586 3523 rupit
605 3462 698 3507 tamen
720 3451 768 3508 sati
788 3453 983 3513 necessitatem

76 3529 179 3585 unionis
193 3524 323 3594 consiliis
337 3527 403 3598 quin
426 3527 530 3584 invidia
550 3527 638 3601 regni,
659 3529 741 3586 etiam
760 3529 832 3586 inter
854 3531 983 3590 domesti-

76 3625 109 3677 rs,
133 3604 218 3662 infida
238 3602 331 3661 omnia
354 3615 433 3678 etque
453 3604 553 3661 infesta
568 3604 679 3662 laceret.
726 3605 932 3680 Peropportune
946 3609 1015 3667 adeo

76 3683 194 3741 raesentis
206 3681 326 3757 quietem
339 3683 423 3737 statlrs
438 3681 540 3738 bellum
558 3700 623 3738 cum
637 3683 801 3758 Veientibus
822 3685 893 3763 (jam
906 3688 981 3744 enim

76 3757 171 3823 iduciae
186 3758 322 3836 exierant)
343 3758 457 3832 aliisque
477 3757 603 3816 Etruscis
624 3773 772 3837 sumptum.
812 3761 847 3822 In
863 3784 896 3822 eo
910 3763 983 3824 bellu
