2620 4200
85 349 89 360 ι
159 283 216 348 234
477 323 479 330 ,
539 282 605 334 rm
620 281 702 334 nrvrr

161 438 236 486 verat
249 437 277 485 et
289 438 383 503 pactas
397 424 532 492 inducias,
546 438 574 484 ot
587 445 662 502 spem
677 425 829 494 loederum3
859 436 961 498 tamen,
976 422 1006 483 si
1003 423 1091 484 inte·

160 526 219 582 ger,
239 505 355 579 quim
334 524 357 560 sr
371 505 467 570 victus,
488 515 593 578 peteret
606 524 712 579 pacem,
726 505 845 578 aequiora
857 503 995 578 impetrari
1008 523 1090 580 posse

160 593 243 653 ratus,
258 583 385 639 nuntium
409 583 444 638 ad
469 582 627 656 Scipionem
641 582 725 654 misit,
747 592 778 639 ut
801 581 972 656 colloquendi
994 601 1090 638 secum

159 671 321 736 potestatem
335 660 446 717 faceret.
486 659 520 716 Id
533 659 622 716 utrrim
638 679 687 716 sua
709 671 805 734 sponte
829 659 933 726 fecerit,
955 678 990 716 an
1003 659 1092 734 publi·

140 735 194 795 'co
207 739 331 811 consilio,
346 749 473 795 neutrum
494 754 543 793 cur
564 736 706 804 affirmem,
720 738 817 794 habeo.
858 737 986 794 Valerius
1010 738 1091 795 Anti·
1112 751 1130 790 s

160 835 199 887 as,
226 817 314 891 primo
339 817 435 891 proelio
460 815 563 872 victum
589 835 652 872 eum
674 835 690 872 a
710 816 850 890 Scipione,
871 835 924 889 quo
944 815 1091 872 duodecim

129 960 132 965 ,
160 894 246 950 millia
272 906 436 952 armatorum
463 894 491 949 in
513 893 572 949 acie
593 905 657 950 sunt
676 913 757 960 caesa,
781 893 855 950 mille
875 903 903 950 et
922 893 1088 968 septingenti

161 973 243 1046 capti,
265 973 388 1047 legatum
402 991 466 1043 cum
485 971 547 1036 aliis
570 973 668 1028 decem
689 971 785 1046 legatis
808 971 890 1027 tradit
904 971 932 1027 iu
946 981 1035 1027 castra
1054 972 1091 1027 ad

161 1050 320 1124 Scipionem
348 1050 464 1106 venisse.
524 1049 666 1106 Caeterum
695 1049 789 1138 Scipio
815 1068 900 1122 quum
927 1048 1091 1122 colloquium

160 1127 234 1184 haud
255 1128 403 1198 abnuisset,
430 1128 510 1184 ambo
535 1146 569 1183 ex
589 1127 739 1202 composito
759 1128 845 1183 duces
867 1137 957 1182 castra
976 1127 1096 1200 protule-
1082 1140 1130 1179 -ro

160 1216 233 1275 runt,
255 1217 285 1262 ut
304 1207 378 1263 coire
399 1225 434 1262 ex
453 1205 605 1280 propinquo
625 1215 744 1279 possent.
795 1203 889 1290 Scipio
903 1205 975 1260 haud
996 1205 1093 1296 procul

160 1283 324 1372 Naraggara
338 1285 414 1354 urbe,
435 1294 493 1341 tum
507 1284 541 1338 ad
562 1294 661 1338 caetera
674 1283 735 1340 loco
754 1283 916 1357 opportuno,
940 1293 998 1338 tum
1019 1279 1092 1356 qudd

161 1361 270 1435 aquatio
284 1361 356 1418 intra
375 1362 422 1418 teli
446 1360 604 1436 conjectum
623 1371 691 1431 erat,
712 1360 846 1424 consedit.
888 1360 1029 1416 Hannibal
1053 1371 1094 1416 tn-

160 1439 266 1495 mulum
273 1450 374 1528 aquat
376 1460 423 1496 uor
436 1439 557 1495 millibus
578 1439 653 1511 inde,
675 1448 765 1495 toturn
786 1438 1015 1527 commodumque
1029 1437 1093 1494 alio·

161 1517 237 1591 quin,
251 1518 304 1574 nist
298 1518 390 1592 'qudd
404 1517 560 1592 longinquae
575 1516 727 1590 aquationis
740 1527 798 1573 erat
800 1516 903 1590 ,cepit
938 1515 1001 1571 Ibi
995 1534 1024 1572 ιιι
1037 1531 1130 1577 me·1s

162 1595 209 1651 dio
222 1595 300 1652 locus
314 1607 479 1671 conspectus
494 1594 623 1668 undique,
638 1613 673 1650 ne
696 1594 761 1668 quid
775 1594 937 1652 insidiarum
951 1604 1033 1662 esset,
1046 1594 1094 1651 de·

161 1672 258 1730 lectus.

201 1829 298 1888 XXX.
333 1829 473 1885 Submotis
498 1829 556 1904 pari
583 1829 670 1904 spatio
690 1829 810 1896 armatis,
834 1843 898 1886 cum
919 1828 1096 1904 singulisin-

164 1907 327 1982 terpretibus
350 1906 490 1982 congressi
512 1917 584 1976 sunt,
609 1926 663 1964 non
687 1926 743 1964 suae
770 1907 851 1964 modb
876 1907 962 1964 aetatis
982 1907 1095 1979 maximi

164 1987 259 2058 duces,
273 1987 321 2042 sed
335 1987 501 2044 omnisante
516 2004 544 2042 se
570 1985 715 2052 memoriae,
736 1986 860 2042 omnium
881 1986 1004 2060 gentium
1018 1985 1130 2042 culli-m

165 2064 211 2119 bet
231 2083 327 2140 regum
350 2064 576 2138 imperatorumve
597 2081 685 2138 pares.
725 2063 875 2138 Paulisper,
896 2063 963 2119 alter
984 2063 1097 2120 alterius

165 2155 326 2216 conspectu,
352 2143 532 2198 admiratione
558 2141 653 2219 mutual
676 2140 758 2216 propd
789 2141 906 2212 attoniti,
926 2141 1096 2198 conticuere.

165 2219 241 2276 Tum
256 2219 396 2276 Hannibal
411 2221 492 2294 prior,
515 2229 532 2254 ‘¹
546 2220 576 2276 Si
590 2221 643 2275 hoc
666 2220 704 2275 ita
720 2219 774 2276 fato
788 2220 882 2276 datum
902 2229 970 2290 erat,
990 2229 1029 2291 ut,
1050 2219 1098 2293 qui
1147 2222 1153 2234 “

167 2307 184 2332 “
195 2298 298 2372 primus
312 2298 413 2354 belluni
435 2298 514 2354 intuli
535 2297 634 2372 populo
647 2297 786 2369 Romano,
801 2298 902 2371 quique
915 2298 997 2354 toties
1010 2299 1096 2371 prope

167 2375 223 2431 “in
244 2377 370 2432 manibus
395 2377 537 2432 victoriam
564 2375 657 2445 habui,
678 2375 701 2430 is
720 2375 791 2432 ultro
817 2377 852 2432 ad
879 2393 976 2448 pacem
1004 2386 1132 2449 peteo-ss

167 2462 185 2488 ‘⁶
195 2455 258 2510 darn
274 2455 393 2510 venirem
405 2472 412 2522 ;
441 2454 515 2509 laetor
535 2464 562 2509 te
584 2453 651 2508 milri
672 2463 743 2509 sorte
766 2452 935 2528 potissimtim
956 2453 1060 2520 datum,
1081 2472 1099 2510 a

167 2539 185 2564 “
195 2549 252 2618 qmoo
261 2541 390 2605 peterem.
431 2531 498 2586 Tibi
511 2549 618 2603 quoque
632 2530 703 2587 inter
717 2531 804 2586 multa
816 2531 929 2620 egregia
946 2531 1043 2588 nonin
1057 2531 1098 2586 ul·

168 2615 185 2650 ‘·‘
195 2607 269 2663 timis
282 2606 394 2663 laudum
409 2608 461 2662 hoc
475 2607 566 2673 suerit,
582 2607 777 2672 Hannibalem,
799 2610 846 2664 cui
860 2619 899 2665 tot
913 2610 948 2665 de
962 2609 1097 2666 Romanis

168 2685 313 2740 “ducibus
327 2685 466 2740 victoriam
480 2683 528 2740 Dii
542 2684 691 2750 dedissent,
709 2685 905 2756 tibicessisse3
936 2697 1017 2761 teque
1031 2687 1098 2743 huic

168 2761 276 2852 “bello,
298 2763 393 2819 vestris
413 2759 488 2836 priris
510 2781 593 2836 quarn
613 2773 676 2818 nost
678 2763 714 2818 ris
733 2763 859 2820 cladibus
877 2765 989 2839 insigni,
1011 2764 1094 2821 finem
1106 2781 1134 2820 ao

168 2841 375 2916 “imposuisse
406 2841 470 2897 Hoc
483 2855 589 2915 quoque
603 2840 750 2897 ludibrium
769 2843 851 2899 castis
871 2843 988 2900 ediderit
1001 2841 1099 2898 Fortu-

169 2927 240 2988 “na,
256 2930 292 2988 ut,
307 2939 389 2993 quum
403 2929 479 2994 patre
494 2930 541 2975 tuo
554 2919 668 2975 consule
690 2921 809 2993 ceperim
824 2938 985 2988 armafcum
999 2919 1097 2976 eodem

169 2996 313 3070 “primurn
327 2997 455 3054 Romano
468 2997 630 3070 imperatore
654 2997 735 3070 signa
749 2999 934 3064 'contulerim
962 2996 996 3050 ad
1010 2995 1097 3052 lilium
1136 3031 1139 3038 ι

170 3074 256 3148 “ejus
270 3074 382 3131 inermis
396 3077 429 3131 ad
444 3093 541 3149 pacem
560 3075 706 3148 petendam
729 3077 844 3132 veniam.
883 3074 1026 3149 Optimum
1039 3075 1098 3147 qui·

170 3151 261 3207 “dem
275 3151 370 3223 suerat,
394 3171 455 3208 earn
475 3152 597 3226 patribus
617 3153 716 3208 nostris
730 3166 849 3210 mentem
869 3154 960 3209 datam
981 3150 1015 3208 ab
1036 3151 1137 3216 Diisas

171 3237 283 3294 “esse,
279 3239 319 3285 ut
339 3241 366 3286 et
379 3249 426 3286 vos
439 3230 537 3319 Italiae,
558 3241 586 3286 et
607 3249 656 3287 nos
670 3231 793 3288 Africae
787 3231 899 3305 imperio
912 3230 1036 3289 contenti
1056 3248 1099 3286 es-

172 3317 309 3364 “semus:
330 3309 506 3382 nequeenim
519 3327 555 3364 ne
575 3308 651 3365 vobis
671 3310 781 3381 quidem
802 3309 897 3365 Sicilia
916 3329 950 3366 ac
971 3308 1100 3365 Sardinia

173 3386 265 3442 “satis
285 3384 369 3460 digna
388 3387 475 3461 pretia
494 3397 558 3443 sunt
577 3405 626 3461 pro
645 3395 685 3443 tot
704 3387 844 3452 classibus
866 3397 906 3444 tot
917 3378 1098 3453 exercrtrbus,

174 3471 312 3520 “tottam
333 3465 451 3538 egregiis
472 3464 579 3520 amissis
601 3463 726 3521 ducibus.
779 3467 835 3522 Sed
856 3466 992 3540 praeterita
1011 3464 1101 3554 magis

174 3547 192 3575 ‘⁶
201 3541 363 3612 reprehendi
377 3553 496 3616 possunt,
511 3541 591 3615 qudm
605 3542 713 3617 corrigi.
753 3543 797 3600 Ita
809 3543 898 3600 aliena
909 3541 1134 3618 appetivimus‚ro

175 3624 232 3671 “ut
245 3618 278 3672 de
299 3619 398 3675 nostris
411 3618 614 3690 dimicaremus,
628 3637 681 3676 nec
696 3620 723 3675 in
738 3621 817 3676 Italia
839 3621 926 3678 solrim
947 3621 1024 3690 vobis
1043 3621 1100 3677 bel·

176 3693 267 3761 “lum,
288 3697 367 3754 nobis
387 3695 416 3751 in
436 3695 533 3752 Africa
546 3707 634 3766 esset;
666 3698 715 3754 scd
740 3709 768 3754 et
787 3717 833 3756 vos
853 3699 882 3755 in
902 3701 986 3776 portis
1005 3698 1101 3758 restris
