2622 4194
513 345 614 398 LIBER
628 345 661 396 11.
692 355 831 398 caram.
1103 341 1158 410 78„

162 513 163 518 ¹
216 507 288 549 ores.
326 488 422 554 Quum
435 488 470 548 ad
483 505 585 550 nomen
598 505 681 550 nemo
693 486 879 563 responderet,
891 482 1060 542 circumfusa
1072 483 1141 542 mul·

148 559 153 565 ’
217 567 306 626 titudo
325 567 354 630 in
372 567 516 626 concionis
535 567 648 628 modum
667 581 779 642 negare,
800 569 818 600 ‘⁴
831 562 900 620 ultra
920 561 1012 637 decipi
1031 561 1140 636 plebem

218 649 238 684 ‘⁴
247 663 331 720 posse.
370 645 522 719 Nunquam
536 664 622 702 unum
635 644 749 702 militem
763 641 912 714 habituros,
926 640 955 696 ni
968 647 1140 714 prestaretur

218 723 310 780 “fides
321 723 434 798 publica
446 742 452 780 ε
472 723 625 781 libertatem
645 721 794 794 unicuique
802 717 876 794 pride
888 717 1056 774 reddendam
1068 733 1140 788 esse,

197 798 324 873 s“qulun
345 819 423 858 arma
441 801 549 869 danda;
583 811 614 856 ut
642 819 691 875 pro
719 798 805 873 patrie
832 797 991 869 civibusque
1016 813 1073 852 non
1092 812 1141 868 pro

216 881 234 914 “
243 878 371 948 dominis,
396 879 550 953 pugnent’'
598 877 743 944 Consules,
770 876 835 949 quid
855 874 1014 930 mandatum
1034 882 1142 928 esseta
1181 879 1184 893 '

214 967 322 1027 senatu,
333 957 479 1029 videbant:
499 957 548 1013 sed
562 975 666 1022 eorum,
679 955 726 1029 qni
740 955 811 1011 intra
831 953 947 1027 parietes
966 949 1056 1038 curiae
1073 949 1142 1006 sero·

213 1033 283 1090 citer
295 1034 480 1107 loquerentur,
494 1034 634 1098 nerninem
649 1034 754 1104 adesse,
768 1031 879 1088 invidiae
892 1049 948 1086 suae
961 1028 1121 1103 participem
1134 1045 1140 1082 :

213 1120 242 1166 et
272 1112 419 1186 apparebat
437 1108 518 1169 ¹atron
547 1131 611 1168 curn
640 1111 720 1186 plebe
747 1120 895 1168 certarnen.
935 1105 1013 1164 Prids
1040 1105 1141 1179 itaque,

182 1186 298 1260 requam
311 1189 407 1246 ultima
420 1190 616 1263 experirentur,
630 1199 755 1244 senatum
769 1188 866 1244 iterum
887 1185 1029 1242 consulere
1048 1183 1142 1257 placu-

200 1323 202 1330 ,
216 1265 256 1321 it:
276 1275 334 1322 tum
348 1266 411 1322 vero
423 1268 459 1322 ad
472 1266 554 1322 sellas
567 1266 711 1322 consulum
723 1265 807 1339 prope
821 1263 998 1322 convolavere
1011 1261 1142 1318 minimus

215 1342 330 1416 quisque
343 1354 409 1404 natu
422 1343 544 1414 Parrum,
557 1343 684 1400 abdicare
704 1343 876 1400 consulatum
893 1342 1031 1416 jubentes,
1048 1351 1077 1398 et
1095 1338 1142 1396 tle·

214 1439 318 1496 ponere
333 1420 485 1496 imperium,
500 1421 535 1478 ad
548 1421 618 1494 quod
631 1422 763 1478 tuendum
774 1421 882 1478 animus
894 1421 1009 1480 deesset.

1145 1533 1170 1564 ·lt

253 1578 366 1638 XXIX.
388 1579 509 1656 Utrdque
523 1597 552 1639 re
565 1582 631 1640 satis
651 1583 774 1658 experte,
789 1591 847 1640 tum
865 1582 976 1638 demum
997 1579 1142 1638 consules:

184 1661 235 1716 rs“
243 1656 288 1714 Ne
307 1659 469 1732 praedictum
496 1661 613 1735 negetis,
643 1660 739 1718 Patres
766 1661 922 1734 conscripti,
947 1659 1026 1720 adest
1044 1658 1143 1732 ingens

216 1737 348 1793 “seditio.
389 1737 572 1804 Postulamus,
596 1750 627 1796 ut
639 1739 668 1805 ii,
691 1739 738 1812 qui
759 1739 875 1794 maxime
896 1737 1032 1812 ignaviam
1053 1735 1142 1792 incre·

216 1817 234 1850 “
242 1825 317 1888 pant,
332 1815 423 1872 adsint
442 1816 522 1874 nobis
535 1817 701 1874 habentibus
713 1817 860 1874 delectum.
900 1814 1038 1872 Acerrimi
1052 1813 1143 1888 cujus·

216 1896 295 1964 “que
308 1893 429 1965 arbitrio,
442 1894 552 1967 quando
572 1895 610 1950 ita
629 1895 728 1968 placet,
749 1913 807 1950 rem
828 1893 970 1968 agemus.'’
1010 1891 1144 1948 Redeunt

215 1967 244 2024 in
258 1969 397 2038 tribunal3
417 1971 496 2027 citari
509 1972 671 2030 nominatim
682 1991 768 2028 unum
782 1990 817 2028 ex
829 1971 872 2037 iis,
883 1971 929 2043 qui
943 1971 971 2028 iu
992 1978 1143 2042 conspectu

194 2055 305 2111 nerant,
319 2046 414 2102 dedita
432 2051 513 2120 opere
524 2049 629 2122 jubent
668 2049 766 2109 Quum
786 2059 870 2106 staret
889 2048 998 2116 tacitus,
1018 2056 1046 2102 et
1068 2045 1144 2102 circa

149 2148 152 2153 ’
220 2140 285 2178 eum
300 2122 402 2196 aliquot
414 2123 565 2194 hominurn,
581 2145 617 2181 ne
637 2127 705 2182 forte
725 2127 877 2195 violaretur,
898 2125 1065 2182 constitisset
1085 2125 1166 2199 glo-1

216 2199 277 2269 bus,
292 2198 417 2256 lictorem
437 2201 470 2256 ad
491 2219 556 2258 eum
576 2203 703 2258 consules
721 2204 850 2259 mittunt:
865 2221 930 2275 quo
949 2202 1065 2275 repulso,
1085 2214 1143 2260 tum

214 2275 288 2343 vero,
302 2278 447 2352 indignum
461 2278 569 2334 facinus
589 2297 659 2346 esse,
680 2280 861 2350 clamitantes,
881 2279 928 2351 qui
947 2279 1059 2334 Petrum
1079 2297 1145 2336 con-

216 2355 321 2412 sulibus
350 2356 472 2423 aderant,
502 2357 630 2414 devolant
656 2357 691 2414 de
718 2357 858 2422 tribunali,
886 2366 916 2412 ut
935 2355 1023 2413 lictori
1044 2357 1145 2416 auxilio
1204 2373 1206 2382 ’

198 2443 328 2494 sessentu
356 2434 412 2490 Sed
433 2435 467 2496 ab
486 2434 591 2505 lictore,
612 2435 681 2491 nihil
700 2434 775 2490 eliud
795 2434 877 2508 quam
895 2432 1067 2508 prehendere
1086 2451 1145 2508 pro-

215 2510 312 2583 hibito,
331 2529 415 2584 quum
429 2531 578 2570 conversus
597 2512 626 2570 in
646 2511 743 2568 Patres
762 2513 880 2586 impetus
899 2522 981 2576 esset,
996 2513 1143 2570 consulum

215 2586 370 2644 intercursu
386 2589 445 2646 rixa
463 2590 559 2646 sedata
571 2601 631 2646 est:
652 2590 681 2646 in
693 2591 748 2664 qud
767 2602 868 2660 tamen,
882 2590 942 2646 sine
961 2588 1061 2663 lapide,
1082 2591 1143 2648 sine

215 2665 278 2732 telo,
292 2667 352 2740 plus
366 2666 492 2724 clamoris
506 2679 586 2741 atque
601 2669 712 2739 irarum,
731 2667 812 2742 quarn
826 2668 942 2742 injurie.
957 2667 1053 2724 fuerat
1095 2671 1144 2726 Se·

214 2753 304 2810 natus,
319 2745 482 2801 tumultuose
497 2758 618 2813 iocerne,
632 2747 828 2804 tumultuositls
848 2746 1015 2813 consulitur;
1036 2748 1144 2818 questi·

98 2817 102 2831 ’
182 2839 295 2878 aconem
315 2821 514 2894 postulantibus
540 2824 583 2895 iis,
614 2825 660 2898 qui
689 2824 788 2898 pulsati
816 2825 941 2890 fuerent3
975 2823 1143 2878 decernente

214 2897 384 2954 ferocissimo
394 2917 510 2973 quoque,
524 2920 580 2958 nou
601 2902 743 2958 sententiis
764 2903 860 2978 magis,
874 2900 956 2975 quarn
976 2898 1095 2954 clamore
1115 2910 1143 2956 et
1177 2907 1180 2928 ³

214 2975 334 3050 strepitu.
387 2974 531 3049 Tandem,
551 2998 634 3052 quum
655 2979 700 3035 irre
721 2981 895 3049 resedissent,
915 2975 1143 3050 exprobrantibus
1178 2991 1181 3019 ἲ

213 3053 380 3124 consulibus,
396 3053 485 3113 nihilo
501 3057 562 3130 plus
581 3057 705 3114 sanitatis
718 3057 746 3114 in
767 3058 844 3116 curie
863 3055 943 3129 quarn
958 3054 986 3110 in
1000 3053 1058 3120 foro
1071 3075 1144 3125 esse²
1179 3073 1183 3082 ’

212 3131 307 3188 ordine
321 3133 427 3196 consuli
441 3135 533 3208 coepit.
573 3135 647 3191 Tres
666 3133 742 3192 luere
756 3134 909 3192 sententie.
949 3132 980 3188 P.
999 3133 1143 3210 Virginius
1181 3135 1184 3204 ζ

181 3228 270 3278 serem
296 3229 352 3268 non
372 3212 518 3287 vulgabat:
540 3217 558 3248 “
569 3213 604 3268 de
625 3213 658 3273 iis
683 3211 797 3284 tantdm,
818 3212 874 3284 qui,
899 3211 980 3266 fidem
1001 3215 1089 3270 secuti
1109 3214 1141 3272 P.
1180 3237 1184 3260 2·

214 3289 350 3346 “Servilii
363 3291 493 3357 consulis,
508 3291 618 3360 Volsco,
634 3293 778 3361 Aurunco,
801 3289 957 3363 Sabinoque
977 3290 1142 3348 militassent
1179 3329 1184 3341 ,

213 3365 321 3435 “bollo,
342 3369 506 3444 agendum”
528 3369 667 3426 censebat.
719 3368 756 3425 T.
770 3367 891 3437 Lartius,
911 3367 1006 3424 “Non
1026 3368 1055 3424 id
1074 3378 1143 3424 tem·
1180 3365 1187 3404 ’ἶ

214 3445 232 3476 “
241 3460 291 3515 pus
318 3464 387 3513 esse,
410 3457 442 3503 ut
467 3446 565 3508 merita
591 3446 781 3504 tantummodo
805 3444 1024 3504 exsolveientur:
1056 3454 1141 3502 totam

214 3518 349 3592 “plebem
370 3543 424 3581 aere
446 3523 536 3588 alieno
555 3524 708 3584 demersam
735 3542 811 3592 esse;
850 3542 904 3582 nec
924 3524 983 3582 sisti
1002 3539 1091 3596 posse,
1111 3522 1141 3580 ui

185 3599 373 3659 sot‘omnibus
392 3599 568 3660 consulatur:
598 3603 675 3675 quin,
696 3602 719 3660 si
747 3601 801 3658 alia
820 3601 934 3660 aliorum
954 3602 989 3658 sit
1008 3599 1139 3667 conditio,

213 3677 360 3734 “accendi
373 3680 460 3754 magis
474 3679 649 3751 discordiam,
670 3680 751 3755 quern
766 3680 884 3736 sedari.”
923 3680 978 3752 Ap.
994 3676 1138 3744 Claudius,

211 3762 240 3828 et
252 3756 350 3812 nature
370 3755 540 3830 ,ininitiqet
559 3757 688 3814 efferatus
708 3757 774 3822 hinc
793 3755 881 3832 plebis
899 3755 971 3824 odio,
992 3753 1069 3820 illine
1089 3755 1141 3812 Pa·
