2622 4194
169 345 207 418 ιι
548 340 614 406 tm
631 339 712 406 armi

171 497 294 564 validior,
308 489 428 554 mediani
442 497 536 573 arripit
549 499 692 566 Servium3
721 497 877 570 elatumque
891 510 908 554 e
920 494 997 554 curii
1012 493 1040 556 ιιι
1053 491 1095 556 lrtt

171 578 296 634 seriorem
316 588 420 650 partem
439 593 487 650 per
506 577 606 650 gradus
632 576 734 650 dejicit.
787 575 857 630 Inde
877 577 911 631 ad
936 577 1095 650 cogendum

169 665 295 710 senatum
310 653 337 709 in
351 653 453 709 curiam
468 655 546 710 redit.
586 653 631 710 Fit
645 655 710 728 fuga
730 654 803 728 regis
816 653 999 742 apparitorum
1013 674 1029 710 a
1029 664 1096 730 tque

94 727 96 738 ’
170 731 310 788 comitum.
332 731 394 805 lpse
404 731 486 820 prope
496 733 643 806 exsanguis
645 747 749 805 ‚quum
760 731 914 786 semianimi
925 732 1000 805 regio
1010 734 1095 790 comi

170 819 228 866 tatu
236 809 346 864 domum
357 827 386 864 se
395 809 536 882 reciperet
547 811 766 882 pervenissetque
773 809 953 864 adsumnrurn
963 811 1093 900 Cyprium
1115 817 1129 864 ι

170 887 271 958 vicum,
286 886 375 958 abiis,
395 887 441 960 qui
461 886 535 941 missi
552 887 586 942 ab
607 886 760 960 Tarquinio
780 886 930 960 fugientem
952 889 1095 945 consecuti

169 975 257 1035 erant,
277 965 445 1020 interficitur.
493 963 628 1033 Creditur,
652 965 791 1038 quianon
815 965 942 1020 abhorret
961 983 977 1019 a
996 976 1096 1022 caetero

170 1010 284 1108 sceleie,
299 1042 439 1098 admonitu
466 1041 566 1097 Tulliae
596 1042 624 1097 id
653 1043 770 1098 factumi
802 1047 933 1115 carpento
952 1041 1029 1098 certe
1056 1043 1096 1118 (id

169 1115 241 1207 quod
262 1119 327 1175 satis
346 1119 493 1208 constat)
487 1137 515 1174 ιιι
536 1115 653 1174 surum
647 1131 763 1189 invecta,
785 1137 837 1174 nec
858 1120 973 1175 reverita
992 1131 1095 1176 ooetum

170 1198 296 1268 virorum,
311 1196 433 1252 evocavit
454 1195 540 1251 virum
554 1215 570 1252 e
584 1197 679 1252 curiit:
710 1215 857 1271 regemque
877 1197 964 1270 prima
978 1198 1095 1271 appella·
1084 1213 1127 1252 -ιι

170 1272 224 1330 vit.
245 1288 327 1347 aquo
340 1274 495 1329 lacessere
486 1291 561 1348 Jussa
574 1293 609 1330 ex
623 1287 698 1330 tanto
710 1275 829 1330 tumultu
841 1292 926 1347 quum
940 1293 969 1330 sc
983 1276 1096 1331 domum

170 1351 311 1424 reciperet,
326 1352 545 1425 pervenissetque
559 1353 592 1406 ad
614 1371 750 1408 summum
771 1353 903 1426 Cyprium
923 1353 1024 1420 vicum,
1048 1353 1095 1409 ubi

170 1427 302 1484 Dianium
316 1447 402 1502 nuper
416 1429 485 1496 suit-3
506 1427 628 1485 flectenti
641 1441 801 1504 carpentum
816 1430 912 1485 dextri
925 1430 953 1485 in
969 1430 1095 1486 Virbium

171 1505 282 1572 clivum,
296 1505 367 1562 ιιιίιι
382 1505 479 1562 collem
503 1506 697 1581 Esquiliarium
720 1508 889 1571 eveheretur,
910 1509 1009 1564 restitit
1023 1509 1096 1582 pari·

131 1633 132 1639 ,
170 1584 231 1655 dus,
246 1598 325 1658 atque
339 1585 457 1640 inhibuit
471 1584 561 1640 frenos
575 1585 607 1649 is,
621 1587 667 1658 qui
679 1585 927 1659 jumentaagebat3
945 1585 1096 1658 jacentem·
1105 1600 1128 1638 rs

170 1681 223 1734 que
242 1663 360 1721 ‹lont'inae
375 1663 498 1717 Servium
522 1663 687 1718 trucidatum
707 1662 834 1717 ostendit.
875 1661 994 1718 Foedum
1015 1664 1096 1720 inhu-

172 1751 336 1812 manumque
350 1740 415 1794 inde
438 1740 552 1795 traditur
573 1739 671 1810 scelus,
693 1749 923 1812 monumentoque
946 1740 1023 1797 locus
1036 1753 1094 1797 est:

172 1816 342 1872 Sceleratum
363 1817 454 1873 vicum
476 1826 583 1887 vocant,
608 1835 662 1889 quo
682 1835 785 1884 amens,
814 1817 981 1890 agitantibus
1004 1817 1096 1874 Furiis
1130 1847 1133 1862 ι

170 1893 270 1950 sotoris
292 1914 326 1950 ac
345 1895 404 1966 viri,
425 1895 519 1950 Tullia
537 1910 594 1982 per
605 1894 687 1968 patris
707 1913 805 1967 corpus
825 1905 986 1968 carpentum
1006 1897 1096 1969 egisse

170 1969 271 2027 fertur·
265 1984 448 2061 ,partemque
470 1973 611 2060 sanguinis
634 1991 666 2028 ac
687 1972 771 2028 caedis
791 1983 911 2046 paterne
925 1983 1040 2029 cruento
1053 1991 1097 2028 ve·
1086 1996 1130 2034 -ιι

171 2049 272 2120 hiculo,
287 2050 472 2106 contaminata
484 2050 740 2138 ipsqrespersaque,
751 2051 845 2106 tulisse
860 2051 893 2105 ad
907 2062 1020 2124 penates
1034 2069 1097 2107 suos

169 2126 275 2199 ,virique
289 2127 349 2182 sui:
369 2127 489 2200 quibus
483 2128 566 2198 natis,
578 2128 649 2184 malo
662 2129 739 2202 regni
755 2128 890 2202 principio
901 2128 1004 2184 similes
1014 2133 1097 2202 prope

172 2203 245 2260 diem
265 2206 353 2260 exitus
372 2215 559 2278 sequerentur.
599 2206 711 2262 Servius
731 2206 841 2262 Tullius
863 2205 987 2280 regnavit
1011 2225 1097 2262 annos

169 2295 285 2354 quatuor
299 2292 326 2338 et
338 2283 527 2370 quadraginta,
542 2283 580 2340 ita
599 2293 629 2340 ut
651 2285 723 2340 bono
736 2283 819 2340 etiam
832 2284 1024 2356 moderatoque
1038 2301 1098 2340 suc·

169 2360 283 2416 cedenti
297 2379 354 2435 regi
348 2360 486 2418 difficilis
509 2361 645 2417 aemulatio
667 2371 747 2416 esset.
788 2361 926 2416 Caetenim
949 2361 978 2416 id
991 2379 1130 2435 quoqueaa·

171 2438 207 2492 ad
227 2438 340 2510 gloriam
361 2438 476 2492 accessit
496 2436 569 2509 quod
589 2455 653 2493 cum
673 2437 719 2493 illo
733 2437 813 2494 simul
832 2438 906 2512 justa
929 2457 962 2494 ac
975 2440 1099 2514 legitima

172 2532 258 2587 regna
270 2515 440 2570 occiderunt
480 2512 541 2568 Id
534 2533 622 2602 ipsum
646 2525 702 2571 tam
724 2516 789 2572 mite
811 2534 844 2570 ac
858 2527 914 2571 tam
928 2518 1098 2573 moderatum

84 2629 86 2633 .
172 2590 317 2662 imperium
333 2603 423 2646 tumen
427 2590 510 2664 ,qula
527 2592 607 2648 unlus
628 2603 708 2663 ossei,
726 2593 865 2681 deponere
879 2611 942 2650 eum
964 2594 1098 2651 inanimo

173 2667 310 2734 habuisse,
324 2635 434 2740 quidani
456 2679 581 2726 auctores
594 2681 674 2738 sunt;
704 2670 732 2726 ni
754 2671 863 2726 scelus
857 2672 1018 2728 intestinum
1031 2672 1099 2728 libe·

172 2745 265 2800 randae
278 2747 371 2820 patriae
385 2746 499 2802 consilia
512 2748 626 2821 agitanti
640 2748 838 2804 interuenisset.
1107 2767 1131 2808 au

210 2900 316 2959 XLIX.
338 2901 453 2958 Inch.
467 2902 636 2976 Tarquinius
650 2923 765 2994 regnare
785 2905 903 2980 occepit,
915 2924 960 2962 cur
953 2905 1133 2993 Superba(3

171 2997 326 3053 cognomen
347 2980 419 3036 lacta
441 2981 609 3048 indiderunt,
632 2985 696 3056 quia
718 3001 844 3038 socerum
857 3001 943 3074 gener
960 2981 1127 3056 sepultura·
1113 3025 1127 3068 ι

172 3057 319 3131 prohibuit,
334 3061 351 3092 “
361 3059 513 3114 Romulum
526 3077 632 3133 quoquo
641 3060 806 3133 insepultum
817 3062 919 3134 perisse
928 3059 945 3085 ’
928 3057 1119 3116 dictitans
1113 3084 1133 3174 ιι

174 3134 310 3190 Primores
323 3135 433 3192 Patrum
437 3155 524 3208 ,quos
537 3137 625 3193 Servii
648 3139 730 3193 rebus
753 3137 850 3194 lavisse
864 3137 1002 3207 credebat,
1017 3137 1122 3192 iuter·

167 3211 258 3268 lecit.
279 3213 526 3285 consciusdeinde,
542 3215 612 3270 male
627 3215 767 3289 quaerendi
790 3214 868 3288 regni
890 3215 925 3270 ab
938 3233 968 3270 se
982 3215 1040 3289 ipso
1053 3215 1130 3270 acl-r

174 3307 267 3346 versus
280 3307 309 3345 se
322 3291 477 3379 exemplum
491 3292 552 3366 capi
572 3311 660 3366 posse,
683 3292 794 3349 armatis
814 3290 912 3366 corpus
933 3281 1127 3366 circumsep‘*

172 3369 227 3426 sit:
247 3386 422 3441 nequeenim
434 3369 534 3443 adjus
553 3370 631 3458 regni
655 3370 801 3444 quidquam
822 3380 920 3444 praeter
941 3370 994 3427 vim
1016 3370 1099 3426 habe·
1108 3345 1133 3454 ἓ

167 3447 238 3514 vbat3
258 3457 288 3502 ut
301 3445 346 3519 qui
360 3464 449 3518 noque
462 3447 584 3520 populi
575 3467 662 3536 jussu,
684 3467 773 3536 neque
787 3447 944 3504 auctoribus
956 3448 1098 3516 Patribus,

174 3537 309 3612 regnaret.
349 3521 392 3581 Eo
404 3524 563 3596 accedebat,
577 3536 607 3581 ut
620 3525 648 3581 ιιι
663 3527 776 3582 caritate
789 3525 892 3582 civium
904 3524 973 3582 nihil
987 3526 1045 3600 spei
1058 3545 1100 3582 rc·

166 3601 286 3674 ponenti
299 3611 374 3657 metu
388 3618 504 3674 regnum
521 3570 664 3660 rulandum
678 3614 766 3660 esset:
786 3621 867 3692 quam
880 3613 911 3658 ut
923 3603 1067 3677 pluribus
1059 3623 1100 3660 rn-
1108 3621 1133 3664 ιο

166 3686 281 3734 ualeret
283 3677 474 3752 ,cognitiones
496 3679 653 3752 capitalium
675 3699 765 3736 rerum
786 3681 845 3736 sine
867 3681 989 3738 consiliis
1009 3699 1057 3756 per
1070 3697 1100 3736 se

164 3752 248 3812 aolus
260 3723 422 3822 cherucham
441 3773 543 3830 perque
556 3775 618 3816 eam
640 3775 753 3816 causam
774 3757 938 3832 occidere,
930 3779 960 3819 ιιι
972 3757 1101 3832 exsilium
