<?xml version="1.0" encoding="UTF-8"?>
<!DOCTYPE html PUBLIC "-//W3C//DTD XHTML 1.0 Transitional//EN"
    "http://www.w3.org/TR/xhtml1/DTD/xhtml1-transitional.dtd">
<html xmlns="http://www.w3.org/1999/xhtml" xml:lang="en" lang="en">
 <head>
  <title>
</title>
<meta http-equiv="Content-Type" content="text/html;charset=utf-8" />
  <meta name='ocr-system' content='tesseract 3.04.00' />
  <meta name='ocr-capabilities' content='ocr_page ocr_carea ocr_par ocr_line ocrx_word'/>
</head>
<body>
  <div class='ocr_page' id='page_1' title='image "./historiarumetse04livygoog_0086.png"; bbox 0 0 2622 4194; ppageno 0'>
   <div class='ocr_carea' id='block_1_1' title="bbox 562 53 566 82">
    <p class='ocr_par' dir='ltr' id='par_1_1' title="bbox 562 53 566 82">
     <span class='ocr_line' id='line_1_1' title="bbox 562 53 566 82; baseline 0 0"><span class='ocrx_word' id='word_1_1' title='bbox 562 53 566 82; x_wconf 93' lang='lat' dir='ltr'>l</span> 
     </span>
    </p>
   </div>
   <div class='ocr_carea' id='block_1_2' title="bbox 567 157 573 184">
    <p class='ocr_par' dir='ltr' id='par_1_2' title="bbox 567 157 573 184">
     <span class='ocr_line' id='line_1_2' title="bbox 567 157 573 184; baseline 0 0"><span class='ocrx_word' id='word_1_2' title='bbox 567 157 573 184; x_wconf 82' lang='lat' dir='ltr'>l</span> 
     </span>
    </p>
   </div>
   <div class='ocr_carea' id='block_1_3' title="bbox 545 339 1156 404">
    <p class='ocr_par' dir='ltr' id='par_1_3' title="bbox 545 339 1156 404">
     <span class='ocr_line' id='line_1_3' title="bbox 545 339 1156 404; baseline 0 -11"><span class='ocrx_word' id='word_1_3' title='bbox 545 339 649 394; x_wconf 79' lang='lat' dir='ltr'>mun</span> <span class='ocrx_word' id='word_1_4' title='bbox 663 341 698 394; x_wconf 87' lang='lat'>11.</span> <span class='ocrx_word' id='word_1_5' title='bbox 713 353 774 394; x_wconf 69' lang='lat' dir='ltr'>cuv.</span> <span class='ocrx_word' id='word_1_6' title='bbox 784 349 832 393; x_wconf 68' lang='lat' dir='ltr'>in.</span> <span class='ocrx_word' id='word_1_7' title='bbox 1074 355 1076 366; x_wconf 65' lang='lat'><strong>¹</strong></span> <span class='ocrx_word' id='word_1_8' title='bbox 1116 341 1156 404; x_wconf 71' lang='lat'>0¹1</span> 
     </span>
    </p>
   </div>
   <div class='ocr_carea' id='block_1_4' title="bbox 226 481 1157 717">
    <p class='ocr_par' dir='ltr' id='par_1_4' title="bbox 226 481 1157 717">
     <span class='ocr_line' id='line_1_4' title="bbox 226 481 1157 559; baseline -0.004 -11"><span class='ocrx_word' id='word_1_9' title='bbox 226 485 337 556; x_wconf 73' lang='lat' dir='ltr'>Nevit,</span> <span class='ocrx_word' id='word_1_10' title='bbox 348 483 471 546; x_wconf 80' lang='lat' dir='ltr'>redditrn</span> <span class='ocrx_word' id='word_1_11' title='bbox 484 482 596 542; x_wconf 85' lang='lat' dir='ltr'>clamor.</span> <span class='ocrx_word' id='word_1_12' title='bbox 635 483 680 542; x_wconf 84' lang='lat' dir='ltr'>ltu</span> <span class='ocrx_word' id='word_1_13' title='bbox 690 481 756 542; x_wconf 74' lang='lat' dir='ltr'>cesi</span> <span class='ocrx_word' id='word_1_14' title='bbox 770 481 799 542; x_wconf 93' lang='lat' dir='ltr'>in</span> <span class='ocrx_word' id='word_1_15' title='bbox 812 482 904 544; x_wconf 88' lang='lat' dir='ltr'>medic</span> <span class='ocrx_word' id='word_1_16' title='bbox 918 483 1095 559; x_wconf 63' lang='lat' dir='ltr'>pedamen,</span> <span class='ocrx_word' id='word_1_17' title='bbox 1108 499 1157 544; x_wconf 81' lang='lat' dir='ltr'>ue·</span> 
     </span>
     <span class='ocr_line' id='line_1_5' title="bbox 228 561 1157 642; baseline -0.001 -18"><span class='ocrx_word' id='word_1_18' title='bbox 228 565 330 642; x_wconf 75' lang='lat' dir='ltr'>quoad</span> <span class='ocrx_word' id='word_1_19' title='bbox 340 582 463 640; x_wconf 85' lang='lat' dir='ltr'>pugnam</span> <span class='ocrx_word' id='word_1_20' title='bbox 476 561 579 620; x_wconf 84' lang='lat' dir='ltr'>uiribus</span> <span class='ocrx_word' id='word_1_21' title='bbox 597 581 687 638; x_wconf 87' lang='lat' dir='ltr'>pares,</span> <span class='ocrx_word' id='word_1_22' title='bbox 709 573 738 619; x_wconf 88' lang='lat' dir='ltr'>et</span> <span class='ocrx_word' id='word_1_23' title='bbox 756 563 791 620; x_wconf 84' lang='lat' dir='ltr'>ed</span> <span class='ocrx_word' id='word_1_24' title='bbox 815 562 910 638; x_wconf 78' lang='lat' dir='ltr'>fugem</span> <span class='ocrx_word' id='word_1_25' title='bbox 930 561 1016 638; x_wconf 85' lang='lat' dir='ltr'>septis</span> <span class='ocrx_word' id='word_1_26' title='bbox 1027 563 1157 623; x_wconf 74' lang='lat' dir='ltr'>munibus</span> 
     </span>
     <span class='ocr_line' id='line_1_6' title="bbox 228 637 1023 717; baseline -0.003 -17"><span class='ocrx_word' id='word_1_27' title='bbox 228 643 296 702; x_wconf 84' lang='lat' dir='ltr'>viis:</span> <span class='ocrx_word' id='word_1_28' title='bbox 315 637 432 717; x_wconf 82' lang='lat' dir='ltr'>finisque</span> <span class='ocrx_word' id='word_1_29' title='bbox 445 640 492 698; x_wconf 94' lang='lat' dir='ltr'>ille</span> <span class='ocrx_word' id='word_1_30' title='bbox 504 651 560 698; x_wconf 83' lang='lat' dir='ltr'>tem</span> <span class='ocrx_word' id='word_1_31' title='bbox 573 640 660 698; x_wconf 72' lang='lat' dir='ltr'>effuse</span> <span class='ocrx_word' id='word_1_32' title='bbox 672 641 809 716; x_wconf 67' lang='lat' dir='ltr'>euagandi</span> <span class='ocrx_word' id='word_1_33' title='bbox 822 639 949 700; x_wconf 80' lang='lat' dir='ltr'>Etruscis</span> <span class='ocrx_word' id='word_1_34' title='bbox 962 641 1023 700; x_wconf 78' lang='lat' dir='ltr'>t‘nit.</span> 
     </span>
    </p>
   </div>
   <div class='ocr_carea' id='block_1_5' title="bbox 147 795 1166 1649">
    <p class='ocr_par' dir='ltr' id='par_1_5' title="bbox 147 795 1160 1027">
     <span class='ocr_line' id='line_1_7' title="bbox 262 795 1160 864; baseline 0 -7"><span class='ocrx_word' id='word_1_35' title='bbox 262 797 331 858; x_wconf 87' lang='lat' dir='ltr'>XII.</span> <span class='ocrx_word' id='word_1_36' title='bbox 353 797 473 856; x_wconf 90' lang='lat' dir='ltr'>Obsidio</span> <span class='ocrx_word' id='word_1_37' title='bbox 483 807 542 854; x_wconf 89' lang='lat' dir='ltr'>erat</span> <span class='ocrx_word' id='word_1_38' title='bbox 554 795 744 864; x_wconf 82' lang='lat' dir='ltr'>nihilominus,</span> <span class='ocrx_word' id='word_1_39' title='bbox 767 806 797 854; x_wconf 92' lang='lat' dir='ltr'>et</span> <span class='ocrx_word' id='word_1_40' title='bbox 818 796 949 855; x_wconf 81' lang='lat' dir='ltr'>frumenti</span> <span class='ocrx_word' id='word_1_41' title='bbox 971 815 1036 854; x_wconf 88' lang='lat' dir='ltr'>cum</span> <span class='ocrx_word' id='word_1_42' title='bbox 1049 795 1160 857; x_wconf 60' lang='lat' dir='ltr'>summ!</span> 
     </span>
     <span class='ocr_line' id='line_1_8' title="bbox 206 875 1159 951; baseline -0.003 -16"><span class='ocrx_word' id='word_1_43' title='bbox 206 876 340 934; x_wconf 80' lang='lat' dir='ltr'>ecaritate</span> <span class='ocrx_word' id='word_1_44' title='bbox 353 875 464 949; x_wconf 87' lang='lat' dir='ltr'>inopia;</span> <span class='ocrx_word' id='word_1_45' title='bbox 494 875 670 948; x_wconf 81' lang='lat' dir='ltr'>sedendoque</span> <span class='ocrx_word' id='word_1_46' title='bbox 690 886 910 950; x_wconf 77' lang='lat' dir='ltr'>expugnaturum</span> <span class='ocrx_word' id='word_1_47' title='bbox 928 893 959 932; x_wconf 83' lang='lat' dir='ltr'>se</span> <span class='ocrx_word' id='word_1_48' title='bbox 972 875 1069 932; x_wconf 85' lang='lat' dir='ltr'>urbem</span> <span class='ocrx_word' id='word_1_49' title='bbox 1081 893 1159 951; x_wconf 80' lang='lat' dir='ltr'>spem</span> 
     </span>
     <span class='ocr_line' id='line_1_9' title="bbox 147 951 1160 1027; baseline 0 -15"><span class='ocrx_word' id='word_1_50' title='bbox 147 982 161 1004; x_wconf 66' lang='lat' dir='ltr'>x</span> <span class='ocrx_word' id='word_1_51' title='bbox 224 953 496 1012; x_wconf 81' lang='lat' dir='ltr'>Porsenahabebet:</span> <span class='ocrx_word' id='word_1_52' title='bbox 525 972 610 1027; x_wconf 91' lang='lat' dir='ltr'>quum</span> <span class='ocrx_word' id='word_1_53' title='bbox 633 951 667 1010; x_wconf 86' lang='lat' dir='ltr'>C.</span> <span class='ocrx_word' id='word_1_54' title='bbox 680 951 803 1020; x_wconf 84' lang='lat' dir='ltr'>Mucius,</span> <span class='ocrx_word' id='word_1_55' title='bbox 817 951 978 1012; x_wconf 85' lang='lat' dir='ltr'>adolescens</span> <span class='ocrx_word' id='word_1_56' title='bbox 991 953 1099 1022; x_wconf 84' lang='lat' dir='ltr'>nobilis,</span> <span class='ocrx_word' id='word_1_57' title='bbox 1112 953 1160 1025; x_wconf 79' lang='lat' dir='ltr'>oni</span> 
     </span>
    </p>

    <p class='ocr_par' dir='ltr' id='par_1_6' title="bbox 199 1031 1166 1649">
     <span class='ocr_line' id='line_1_10' title="bbox 224 1031 1159 1109; baseline 0.001 -21"><span class='ocrx_word' id='word_1_58' title='bbox 224 1031 373 1109; x_wconf 87' lang='lat' dir='ltr'>indignum</span> <span class='ocrx_word' id='word_1_59' title='bbox 386 1031 538 1098; x_wconf 85' lang='lat' dir='ltr'>videbatur,</span> <span class='ocrx_word' id='word_1_60' title='bbox 551 1031 682 1106; x_wconf 89' lang='lat' dir='ltr'>populum</span> <span class='ocrx_word' id='word_1_61' title='bbox 705 1031 866 1088; x_wconf 78' lang='lat' dir='ltr'>Romanum</span> <span class='ocrx_word' id='word_1_62' title='bbox 886 1032 1061 1102; x_wconf 78' lang='lat' dir='ltr'>servientem,</span> <span class='ocrx_word' id='word_1_63' title='bbox 1074 1049 1159 1106; x_wconf 89' lang='lat' dir='ltr'>quum</span> 
     </span>
     <span class='ocr_line' id='line_1_11' title="bbox 226 1107 1161 1186; baseline 0 -20"><span class='ocrx_word' id='word_1_64' title='bbox 226 1110 279 1166; x_wconf 91' lang='lat' dir='ltr'>sub</span> <span class='ocrx_word' id='word_1_65' title='bbox 292 1110 404 1186; x_wconf 86' lang='lat' dir='ltr'>regibus</span> <span class='ocrx_word' id='word_1_66' title='bbox 417 1120 498 1179; x_wconf 86' lang='lat' dir='ltr'>esset,</span> <span class='ocrx_word' id='word_1_67' title='bbox 509 1107 585 1166; x_wconf 86' lang='lat' dir='ltr'>nullo</span> <span class='ocrx_word' id='word_1_68' title='bbox 598 1109 669 1166; x_wconf 89' lang='lat' dir='ltr'>bello</span> <span class='ocrx_word' id='word_1_69' title='bbox 689 1127 743 1166; x_wconf 89' lang='lat' dir='ltr'>uec</span> <span class='ocrx_word' id='word_1_70' title='bbox 757 1110 792 1166; x_wconf 88' lang='lat' dir='ltr'>ab</span> <span class='ocrx_word' id='word_1_71' title='bbox 805 1108 930 1168; x_wconf 83' lang='lat' dir='ltr'>hostibus</span> <span class='ocrx_word' id='word_1_72' title='bbox 942 1108 1006 1166; x_wconf 84' lang='lat' dir='ltr'>ullis</span> <span class='ocrx_word' id='word_1_73' title='bbox 1017 1108 1161 1166; x_wconf 82' lang='lat' dir='ltr'>obsessum</span> 
     </span>
     <span class='ocr_line' id='line_1_12' title="bbox 228 1185 1163 1261; baseline 0.003 -18"><span class='ocrx_word' id='word_1_74' title='bbox 228 1205 307 1256; x_wconf 87' lang='lat' dir='ltr'>esse;</span> <span class='ocrx_word' id='word_1_75' title='bbox 328 1187 444 1246; x_wconf 88' lang='lat' dir='ltr'>liberum</span> <span class='ocrx_word' id='word_1_76' title='bbox 457 1187 587 1244; x_wconf 89' lang='lat' dir='ltr'>eumdem</span> <span class='ocrx_word' id='word_1_77' title='bbox 604 1185 735 1261; x_wconf 92' lang='lat' dir='ltr'>populum</span> <span class='ocrx_word' id='word_1_78' title='bbox 757 1187 791 1244; x_wconf 88' lang='lat' dir='ltr'>ab</span> <span class='ocrx_word' id='word_1_79' title='bbox 803 1186 902 1250; x_wconf 90' lang='lat' dir='ltr'>iisdem</span> <span class='ocrx_word' id='word_1_80' title='bbox 916 1186 1041 1245; x_wconf 78' lang='lat' dir='ltr'>Etruscis</span> <span class='ocrx_word' id='word_1_81' title='bbox 1052 1186 1163 1246; x_wconf 79' lang='lat' dir='ltr'>obside·</span> 
     </span>
     <span class='ocr_line' id='line_1_13' title="bbox 199 1263 1163 1340; baseline 0.002 -20"><span class='ocrx_word' id='word_1_82' title='bbox 199 1281 222 1320; x_wconf 85' lang='grc' dir='ltr'>ιο</span> <span class='ocrx_word' id='word_1_83' title='bbox 231 1264 264 1331; x_wconf 82' lang='lat' dir='ltr'>ri,</span> <span class='ocrx_word' id='word_1_84' title='bbox 274 1283 389 1338; x_wconf 86' lang='lat' dir='ltr'>quorum</span> <span class='ocrx_word' id='word_1_85' title='bbox 399 1282 472 1339; x_wconf 77' lang='lat' dir='ltr'>sepe</span> <span class='ocrx_word' id='word_1_86' title='bbox 495 1264 632 1322; x_wconf 81' lang='lat' dir='ltr'>exercitus</span> <span class='ocrx_word' id='word_1_87' title='bbox 652 1263 769 1332; x_wconf 69' lang='lat' dir='ltr'>sudetur</span> <span class='ocrx_word' id='word_1_88' title='bbox 802 1264 904 1340; x_wconf 78' lang='lat' dir='ltr'>ireque,</span> <span class='ocrx_word' id='word_1_89' title='bbox 927 1283 1029 1340; x_wconf 87' lang='lat' dir='ltr'>megno</span> <span class='ocrx_word' id='word_1_90' title='bbox 1050 1265 1163 1323; x_wconf 86' lang='lat' dir='ltr'>andeci-</span> 
     </span>
     <span class='ocr_line' id='line_1_14' title="bbox 230 1341 1164 1417; baseline 0.002 -19"><span class='ocrx_word' id='word_1_91' title='bbox 230 1360 285 1416; x_wconf 88' lang='lat' dir='ltr'>que</span> <span class='ocrx_word' id='word_1_92' title='bbox 307 1343 398 1417; x_wconf 89' lang='lat' dir='ltr'>aliquo</span> <span class='ocrx_word' id='word_1_93' title='bbox 418 1341 541 1398; x_wconf 85' lang='lat' dir='ltr'>lecincre</span> <span class='ocrx_word' id='word_1_94' title='bbox 558 1360 619 1398; x_wconf 87' lang='lat' dir='ltr'>cam</span> <span class='ocrx_word' id='word_1_95' title='bbox 644 1341 836 1416; x_wconf 78' lang='lat' dir='ltr'>indignitatem</span> <span class='ocrx_word' id='word_1_96' title='bbox 861 1342 1058 1401; x_wconf 83' lang='lat' dir='ltr'>vindicandam</span> <span class='ocrx_word' id='word_1_97' title='bbox 1077 1352 1164 1415; x_wconf 84' lang='lat' dir='ltr'>ratus,</span> 
     </span>
     <span class='ocr_line' id='line_1_15' title="bbox 230 1417 1164 1494; baseline 0.004 -20"><span class='ocrx_word' id='word_1_98' title='bbox 230 1417 320 1494; x_wconf 85' lang='lat' dir='ltr'>primd</span> <span class='ocrx_word' id='word_1_99' title='bbox 343 1420 394 1476; x_wconf 82' lang='lat' dir='ltr'>sual</span> <span class='ocrx_word' id='word_1_100' title='bbox 416 1429 512 1494; x_wconf 87' lang='lat' dir='ltr'>sponte</span> <span class='ocrx_word' id='word_1_101' title='bbox 532 1429 674 1493; x_wconf 86' lang='lat' dir='ltr'>penetrare</span> <span class='ocrx_word' id='word_1_102' title='bbox 695 1419 724 1478; x_wconf 86' lang='lat' dir='ltr'>in</span> <span class='ocrx_word' id='word_1_103' title='bbox 747 1420 867 1478; x_wconf 88' lang='lat' dir='ltr'>hostium</span> <span class='ocrx_word' id='word_1_104' title='bbox 891 1431 982 1480; x_wconf 85' lang='lat' dir='ltr'>castra</span> <span class='ocrx_word' id='word_1_105' title='bbox 1001 1419 1164 1478; x_wconf 87' lang='lat' dir='ltr'>constitnit:</span> 
     </span>
     <span class='ocr_line' id='line_1_16' title="bbox 231 1495 1166 1578; baseline 0.004 -26"><span class='ocrx_word' id='word_1_106' title='bbox 231 1495 298 1556; x_wconf 90' lang='lat' dir='ltr'>dein</span> <span class='ocrx_word' id='word_1_107' title='bbox 311 1509 448 1564; x_wconf 85' lang='lat' dir='ltr'>metuens,</span> <span class='ocrx_word' id='word_1_108' title='bbox 469 1515 514 1566; x_wconf 89' lang='lat' dir='ltr'>ne,</span> <span class='ocrx_word' id='word_1_109' title='bbox 537 1495 561 1554; x_wconf 90' lang='lat' dir='ltr'>si</span> <span class='ocrx_word' id='word_1_110' title='bbox 584 1497 729 1578; x_wconf 66' lang='lat' dir='ltr'>consulum</span> <span class='ocrx_word' id='word_1_111' title='bbox 752 1497 859 1572; x_wconf 87' lang='lat' dir='ltr'>injussu</span> <span class='ocrx_word' id='word_1_112' title='bbox 878 1509 906 1556; x_wconf 91' lang='lat' dir='ltr'>et</span> <span class='ocrx_word' id='word_1_113' title='bbox 919 1498 1024 1574; x_wconf 85' lang='lat' dir='ltr'>ignaris</span> <span class='ocrx_word' id='word_1_114' title='bbox 1034 1497 1166 1556; x_wconf 84' lang='lat' dir='ltr'>omnibus</span> 
     </span>
     <span class='ocr_line' id='line_1_17' title="bbox 232 1573 1166 1649; baseline 0.003 -20"><span class='ocrx_word' id='word_1_115' title='bbox 232 1573 292 1644; x_wconf 89' lang='lat' dir='ltr'>iret,</span> <span class='ocrx_word' id='word_1_116' title='bbox 311 1574 379 1632; x_wconf 86' lang='lat' dir='ltr'>sorte</span> <span class='ocrx_word' id='word_1_117' title='bbox 400 1574 588 1649; x_wconf 85' lang='lat' dir='ltr'>deprehensus</span> <span class='ocrx_word' id='word_1_118' title='bbox 611 1593 628 1631; x_wconf 82' lang='lat' dir='ltr'>n</span> <span class='ocrx_word' id='word_1_119' title='bbox 650 1575 810 1632; x_wconf 75' lang='lat' dir='ltr'>custodibus</span> <span class='ocrx_word' id='word_1_120' title='bbox 823 1575 960 1635; x_wconf 81' lang='lat' dir='ltr'>Romanis</span> <span class='ocrx_word' id='word_1_121' title='bbox 981 1576 1166 1634; x_wconf 87' lang='lat' dir='ltr'>retraheretur</span> 
     </span>
    </p>
   </div>
   <div class='ocr_carea' id='block_1_6' title="bbox 199 1649 1257 1728">
    <p class='ocr_par' dir='ltr' id='par_1_7' title="bbox 199 1649 1257 1728">
     <span class='ocr_line' id='line_1_18' title="bbox 199 1649 1257 1728; baseline 0 -18"><span class='ocrx_word' id='word_1_122' title='bbox 199 1668 224 1710; x_wconf 76' lang='grc'>..5</span> <span class='ocrx_word' id='word_1_123' title='bbox 233 1663 264 1708; x_wconf 92' lang='lat' dir='ltr'>ut</span> <span class='ocrx_word' id='word_1_124' title='bbox 275 1651 426 1728; x_wconf 80' lang='lat' dir='ltr'>transfuga,</span> <span class='ocrx_word' id='word_1_125' title='bbox 441 1651 550 1710; x_wconf 82' lang='lat' dir='ltr'>l&#39;ortunrl</span> <span class='ocrx_word' id='word_1_126' title='bbox 563 1663 621 1708; x_wconf 89' lang='lat' dir='ltr'>turn</span> <span class='ocrx_word' id='word_1_127' title='bbox 636 1649 712 1708; x_wconf 85' lang='lat' dir='ltr'>uibis</span> <span class='ocrx_word' id='word_1_128' title='bbox 722 1651 829 1710; x_wconf 79' lang='lat' dir='ltr'>crimen</span> <span class='ocrx_word' id='word_1_129' title='bbox 842 1653 1017 1722; x_wconf 79' lang='lat' dir='ltr'>affirmante3</span> <span class='ocrx_word' id='word_1_130' title='bbox 1037 1664 1164 1710; x_wconf 87' lang='lat' dir='ltr'>serratum</span> <span class='ocrx_word' id='word_1_131' title='bbox 1255 1652 1257 1661; x_wconf 76' lang='lat'><em>&#39;</em></span> 
     </span>
    </p>
   </div>
   <div class='ocr_carea' id='block_1_7' title="bbox 204 1728 1172 2275">
    <p class='ocr_par' dir='ltr' id='par_1_8' title="bbox 204 1728 1172 2275">
     <span class='ocr_line' id='line_1_19' title="bbox 232 1728 1164 1805; baseline 0.004 -19"><span class='ocrx_word' id='word_1_132' title='bbox 232 1729 318 1788; x_wconf 86' lang='lat' dir='ltr'>adiit:</span> <span class='ocrx_word' id='word_1_133' title='bbox 357 1729 518 1788; x_wconf 88' lang='lat' dir='ltr'>“Transire</span> <span class='ocrx_word' id='word_1_134' title='bbox 531 1728 687 1796; x_wconf 86' lang='lat' dir='ltr'>Tiberim‚¹’</span> <span class='ocrx_word' id='word_1_135' title='bbox 707 1729 805 1805; x_wconf 82' lang='lat' dir='ltr'>iuquit,</span> <span class='ocrx_word' id='word_1_136' title='bbox 828 1735 847 1766; x_wconf 89' lang='lat'>“</span> <span class='ocrx_word' id='word_1_137' title='bbox 856 1732 960 1803; x_wconf 87' lang='lat' dir='ltr'>Patres,</span> <span class='ocrx_word' id='word_1_138' title='bbox 973 1742 1002 1789; x_wconf 89' lang='lat' dir='ltr'>et</span> <span class='ocrx_word' id='word_1_139' title='bbox 1015 1731 1130 1803; x_wconf 82' lang='lat' dir='ltr'>intrare,</span> <span class='ocrx_word' id='word_1_140' title='bbox 1141 1731 1164 1790; x_wconf 87' lang='lat' dir='ltr'>si</span> 
     </span>
     <span class='ocr_line' id='line_1_20' title="bbox 232 1807 1166 1885; baseline 0.004 -21"><span class='ocrx_word' id='word_1_141' title='bbox 232 1810 251 1842; x_wconf 86' lang='lat'><strong>“</strong></span> <span class='ocrx_word' id='word_1_142' title='bbox 262 1809 373 1884; x_wconf 84' lang='lat' dir='ltr'>possim,</span> <span class='ocrx_word' id='word_1_143' title='bbox 387 1821 477 1868; x_wconf 86' lang='lat' dir='ltr'>castra</span> <span class='ocrx_word' id='word_1_144' title='bbox 490 1807 608 1866; x_wconf 86' lang='lat' dir='ltr'>bostium</span> <span class='ocrx_word' id='word_1_145' title='bbox 622 1808 699 1876; x_wconf 66' lang='lat' dir='ltr'>color</span> <span class='ocrx_word' id='word_1_146' title='bbox 719 1827 776 1866; x_wconf 92' lang='lat' dir='ltr'>non</span> <span class='ocrx_word' id='word_1_147' title='bbox 786 1810 886 1884; x_wconf 80' lang='lat' dir='ltr'>predo,</span> <span class='ocrx_word' id='word_1_148' title='bbox 898 1829 952 1868; x_wconf 86' lang='lat' dir='ltr'>nec</span> <span class='ocrx_word' id='word_1_149' title='bbox 959 1809 1166 1885; x_wconf 80' lang='lat' dir='ltr'>populationum</span> 
     </span>
     <span class='ocr_line' id='line_1_21' title="bbox 233 1885 1168 1962; baseline 0.002 -20"><span class='ocrx_word' id='word_1_150' title='bbox 233 1887 251 1921; x_wconf 93' lang='lat'><strong><em>“</em></strong></span> <span class='ocrx_word' id='word_1_151' title='bbox 263 1886 293 1942; x_wconf 90' lang='lat' dir='ltr'>in</span> <span class='ocrx_word' id='word_1_152' title='bbox 306 1886 394 1944; x_wconf 89' lang='lat' dir='ltr'>vicem</span> <span class='ocrx_word' id='word_1_153' title='bbox 405 1887 475 1943; x_wconf 90' lang='lat' dir='ltr'>ultor</span> <span class='ocrx_word' id='word_1_154' title='bbox 487 1905 495 1942; x_wconf 79' lang='lat' dir='ltr'>r</span> <span class='ocrx_word' id='word_1_155' title='bbox 515 1886 611 1961; x_wconf 82' lang='lat' dir='ltr'>majus,</span> <span class='ocrx_word' id='word_1_156' title='bbox 620 1885 644 1942; x_wconf 88' lang='lat' dir='ltr'>si</span> <span class='ocrx_word' id='word_1_157' title='bbox 655 1885 703 1943; x_wconf 93' lang='lat' dir='ltr'>Dii</span> <span class='ocrx_word' id='word_1_158' title='bbox 714 1886 820 1962; x_wconf 83' lang='lat' dir='ltr'>jurant,</span> <span class='ocrx_word' id='word_1_159' title='bbox 831 1889 861 1946; x_wconf 90' lang='lat' dir='ltr'>in</span> <span class='ocrx_word' id='word_1_160' title='bbox 872 1888 967 1946; x_wconf 88' lang='lat' dir='ltr'>auimo</span> <span class='ocrx_word' id='word_1_161' title='bbox 977 1899 1020 1945; x_wconf 89' lang='lat' dir='ltr'>est</span> <span class='ocrx_word' id='word_1_162' title='bbox 1028 1886 1168 1944; x_wconf 75' lang='lat' dir='ltr'>lacium.’&#39;</span> 
     </span>
     <span class='ocr_line' id='line_1_22' title="bbox 239 1963 1167 2040; baseline -0.001 -18"><span class='ocrx_word' id='word_1_163' title='bbox 239 1965 397 2040; x_wconf 71' lang='lat' dir='ltr'>approbent</span> <span class='ocrx_word' id='word_1_164' title='bbox 409 1964 505 2022; x_wconf 84' lang='lat' dir='ltr'>Patres</span> <span class='ocrx_word' id='word_1_165' title='bbox 521 1983 528 2021; x_wconf 75' lang='grc' dir='ltr'><strong>ε</strong></span> <span class='ocrx_word' id='word_1_166' title='bbox 558 1963 651 2020; x_wconf 91' lang='lat' dir='ltr'>abdito</span> <span class='ocrx_word' id='word_1_167' title='bbox 665 1965 737 2022; x_wconf 88' lang='lat' dir='ltr'>intra</span> <span class='ocrx_word' id='word_1_168' title='bbox 759 1976 863 2022; x_wconf 86' lang='lat' dir='ltr'>vestem</span> <span class='ocrx_word' id='word_1_169' title='bbox 881 1966 961 2036; x_wconf 77' lang='lat' dir='ltr'>ferro,</span> <span class='ocrx_word' id='word_1_170' title='bbox 974 1964 1167 2040; x_wconf 83' lang='lat' dir='ltr'>proficiscitur.</span> 
     </span>
     <span class='ocr_line' id='line_1_23' title="bbox 204 2039 1168 2119; baseline 0.003 -23"><span class='ocrx_word' id='word_1_171' title='bbox 204 2039 292 2098; x_wconf 80' lang='lat' dir='ltr'>anUbi</span> <span class='ocrx_word' id='word_1_172' title='bbox 304 2040 338 2098; x_wconf 80' lang='lat' dir='ltr'>eb</span> <span class='ocrx_word' id='word_1_173' title='bbox 351 2041 435 2106; x_wconf 84' lang='lat' dir='ltr'>venit,</span> <span class='ocrx_word' id='word_1_174' title='bbox 448 2041 478 2098; x_wconf 91' lang='lat' dir='ltr'>in</span> <span class='ocrx_word' id='word_1_175' title='bbox 498 2041 698 2098; x_wconf 70' lang='lat' dir='ltr'>confertissimi</span> <span class='ocrx_word' id='word_1_176' title='bbox 717 2042 799 2100; x_wconf 81' lang='lat' dir='ltr'>turba</span> <span class='ocrx_word' id='word_1_177' title='bbox 819 2042 903 2118; x_wconf 77' lang='lat' dir='ltr'>propri</span> <span class='ocrx_word' id='word_1_178' title='bbox 926 2043 1035 2119; x_wconf 86' lang='lat' dir='ltr'>regium</span> <span class='ocrx_word' id='word_1_179' title='bbox 1047 2042 1168 2100; x_wconf 88' lang='lat' dir='ltr'>tribunal</span> 
     </span>
     <span class='ocr_line' id='line_1_24' title="bbox 238 2117 1170 2194; baseline 0.004 -20"><span class='ocrx_word' id='word_1_180' title='bbox 238 2117 369 2175; x_wconf 84' lang='lat' dir='ltr'>constitit.</span> <span class='ocrx_word' id='word_1_181' title='bbox 409 2117 453 2174; x_wconf 93' lang='lat' dir='ltr'>Ibi</span> <span class='ocrx_word' id='word_1_182' title='bbox 466 2136 550 2191; x_wconf 93' lang='lat' dir='ltr'>quum</span> <span class='ocrx_word' id='word_1_183' title='bbox 574 2119 741 2192; x_wconf 86' lang='lat' dir='ltr'>stipendium</span> <span class='ocrx_word' id='word_1_184' title='bbox 754 2120 822 2178; x_wconf 86' lang='lat' dir='ltr'>forte</span> <span class='ocrx_word' id='word_1_185' title='bbox 844 2122 978 2180; x_wconf 86' lang='lat' dir='ltr'>militibus</span> <span class='ocrx_word' id='word_1_186' title='bbox 998 2122 1123 2194; x_wconf 80' lang='lat' dir='ltr'>deretur,</span> <span class='ocrx_word' id='word_1_187' title='bbox 1141 2132 1170 2178; x_wconf 88' lang='lat' dir='ltr'>et</span> 
     </span>
     <span class='ocr_line' id='line_1_25' title="bbox 239 2195 1172 2275; baseline 0.004 -23"><span class='ocrx_word' id='word_1_188' title='bbox 239 2196 339 2267; x_wconf 86' lang='lat' dir='ltr'>scribe,</span> <span class='ocrx_word' id='word_1_189' title='bbox 354 2215 417 2254; x_wconf 89' lang='lat' dir='ltr'>cum</span> <span class='ocrx_word' id='word_1_190' title='bbox 431 2213 497 2269; x_wconf 87' lang='lat' dir='ltr'>rege</span> <span class='ocrx_word' id='word_1_191' title='bbox 510 2195 610 2252; x_wconf 87' lang='lat' dir='ltr'>sedens</span> <span class='ocrx_word' id='word_1_192' title='bbox 621 2196 679 2270; x_wconf 85' lang='lat' dir='ltr'>pari</span> <span class='ocrx_word' id='word_1_193' title='bbox 692 2197 749 2252; x_wconf 74' lang='lat' dir='ltr'>lere</span> <span class='ocrx_word' id='word_1_194' title='bbox 762 2208 870 2265; x_wconf 85' lang='lat' dir='ltr'>ornatu,</span> <span class='ocrx_word' id='word_1_195' title='bbox 888 2199 975 2256; x_wconf 83' lang='lat' dir='ltr'>multa</span> <span class='ocrx_word' id='word_1_196' title='bbox 987 2211 1091 2275; x_wconf 77' lang='lat' dir='ltr'>egeret,</span> <span class='ocrx_word' id='word_1_197' title='bbox 1105 2217 1172 2256; x_wconf 86' lang='lat' dir='ltr'>eum</span> 
     </span>
    </p>
   </div>
   <div class='ocr_carea' id='block_1_8' title="bbox 240 2271 1259 2348">
    <p class='ocr_par' dir='ltr' id='par_1_9' title="bbox 240 2271 1259 2348">
     <span class='ocr_line' id='line_1_26' title="bbox 240 2271 1259 2348; baseline -0.002 -18"><span class='ocrx_word' id='word_1_198' title='bbox 240 2273 341 2330; x_wconf 91' lang='lat' dir='ltr'>milites</span> <span class='ocrx_word' id='word_1_199' title='bbox 355 2271 436 2348; x_wconf 78' lang='lat' dir='ltr'>uulgo</span> <span class='ocrx_word' id='word_1_200' title='bbox 450 2271 567 2338; x_wconf 76' lang='lat' dir='ltr'>adirent,</span> <span class='ocrx_word' id='word_1_201' title='bbox 580 2271 682 2328; x_wconf 87' lang='lat' dir='ltr'>timeus</span> <span class='ocrx_word' id='word_1_202' title='bbox 699 2273 844 2345; x_wconf 86' lang='lat' dir='ltr'>sciscitari,</span> <span class='ocrx_word' id='word_1_203' title='bbox 868 2286 927 2332; x_wconf 81' lang='lat' dir='ltr'>uter</span> <span class='ocrx_word' id='word_1_204' title='bbox 945 2276 1069 2334; x_wconf 84' lang='lat' dir='ltr'>Porsena</span> <span class='ocrx_word' id='word_1_205' title='bbox 1087 2289 1171 2342; x_wconf 81' lang='lat' dir='ltr'>esset,</span> <span class='ocrx_word' id='word_1_206' title='bbox 1250 2317 1259 2328; x_wconf 88' lang='lat'>.</span> 
     </span>
    </p>
   </div>
   <div class='ocr_carea' id='block_1_9' title="bbox 159 2349 1186 3832">
    <p class='ocr_par' dir='ltr' id='par_1_10' title="bbox 159 2349 1186 3832">
     <span class='ocr_line' id='line_1_27' title="bbox 240 2349 1172 2428; baseline 0.002 -20"><span class='ocrx_word' id='word_1_207' title='bbox 240 2369 276 2408; x_wconf 90' lang='lat' dir='ltr'>ne</span> <span class='ocrx_word' id='word_1_208' title='bbox 296 2351 448 2426; x_wconf 83' lang='lat' dir='ltr'>ignorando</span> <span class='ocrx_word' id='word_1_209' title='bbox 470 2369 565 2425; x_wconf 88' lang='lat' dir='ltr'>regem</span> <span class='ocrx_word' id='word_1_210' title='bbox 586 2361 675 2406; x_wconf 89' lang='lat' dir='ltr'>semet</span> <span class='ocrx_word' id='word_1_211' title='bbox 699 2349 758 2425; x_wconf 89' lang='lat' dir='ltr'>ipse</span> <span class='ocrx_word' id='word_1_212' title='bbox 784 2351 910 2426; x_wconf 87' lang='lat' dir='ltr'>aperiret,</span> <span class='ocrx_word' id='word_1_213' title='bbox 933 2353 995 2428; x_wconf 87' lang='lat' dir='ltr'>quis</span> <span class='ocrx_word' id='word_1_214' title='bbox 1016 2364 1098 2424; x_wconf 82' lang='lat' dir='ltr'>esset,</span> <span class='ocrx_word' id='word_1_215' title='bbox 1118 2352 1172 2428; x_wconf 74' lang='lat' dir='ltr'>qud</span> 
     </span>
     <span class='ocr_line' id='line_1_28' title="bbox 207 2425 1171 2506; baseline 0.005 -22"><span class='ocrx_word' id='word_1_216' title='bbox 207 2429 342 2486; x_wconf 66' lang='lat' dir='ltr'>antemeri·</span> <span class='ocrx_word' id='word_1_217' title='bbox 356 2429 438 2488; x_wconf 85' lang='lat' dir='ltr'>traxit</span> <span class='ocrx_word' id='word_1_218' title='bbox 451 2428 560 2486; x_wconf 88' lang='lat' dir='ltr'>fortuna</span> <span class='ocrx_word' id='word_1_219' title='bbox 579 2425 697 2494; x_wconf 83' lang='lat' dir='ltr'>lacinus,</span> <span class='ocrx_word' id='word_1_220' title='bbox 721 2427 840 2486; x_wconf 88' lang='lat' dir='ltr'>scribam</span> <span class='ocrx_word' id='word_1_221' title='bbox 863 2449 912 2504; x_wconf 89' lang='lat' dir='ltr'>pro</span> <span class='ocrx_word' id='word_1_222' title='bbox 931 2448 996 2506; x_wconf 87' lang='lat' dir='ltr'>rege</span> <span class='ocrx_word' id='word_1_223' title='bbox 1016 2431 1171 2490; x_wconf 86' lang='lat' dir='ltr'>obtruncat.</span> 
     </span>
     <span class='ocr_line' id='line_1_29' title="bbox 241 2505 1172 2580; baseline 0.003 -16"><span class='ocrx_word' id='word_1_224' title='bbox 241 2506 396 2564; x_wconf 81' lang='lat' dir='ltr'>vadentem</span> <span class='ocrx_word' id='word_1_225' title='bbox 411 2505 486 2573; x_wconf 89' lang='lat' dir='ltr'>inde,</span> <span class='ocrx_word' id='word_1_226' title='bbox 499 2508 551 2580; x_wconf 74' lang='lat' dir='ltr'>qul</span> <span class='ocrx_word' id='word_1_227' title='bbox 565 2524 613 2580; x_wconf 89' lang='lat' dir='ltr'>per</span> <span class='ocrx_word' id='word_1_228' title='bbox 627 2505 761 2580; x_wconf 88' lang='lat' dir='ltr'>trepidam</span> <span class='ocrx_word' id='word_1_229' title='bbox 781 2507 889 2564; x_wconf 91' lang='lat' dir='ltr'>turbam</span> <span class='ocrx_word' id='word_1_230' title='bbox 910 2519 1025 2566; x_wconf 85' lang='lat' dir='ltr'>cruento</span> <span class='ocrx_word' id='word_1_231' title='bbox 1038 2527 1172 2568; x_wconf 86' lang='lat' dir='ltr'>mucrone</span> 
     </span>
     <span class='ocr_line' id='line_1_30' title="bbox 241 2583 1172 2660; baseline 0.006 -20"><span class='ocrx_word' id='word_1_232' title='bbox 241 2583 294 2658; x_wconf 80' lang='lat' dir='ltr'>sibi</span> <span class='ocrx_word' id='word_1_233' title='bbox 308 2585 366 2660; x_wconf 88' lang='lat' dir='ltr'>ipse</span> <span class='ocrx_word' id='word_1_234' title='bbox 379 2585 482 2642; x_wconf 78' lang='lat' dir='ltr'>feceret</span> <span class='ocrx_word' id='word_1_235' title='bbox 494 2583 576 2651; x_wconf 81' lang='lat' dir='ltr'>riam,</span> <span class='ocrx_word' id='word_1_236' title='bbox 590 2601 684 2658; x_wconf 89' lang='lat' dir='ltr'>quum,</span> <span class='ocrx_word' id='word_1_237' title='bbox 705 2602 844 2643; x_wconf 78' lang='lat' dir='ltr'>concursu</span> <span class='ocrx_word' id='word_1_238' title='bbox 864 2586 899 2642; x_wconf 86' lang='lat' dir='ltr'>ad</span> <span class='ocrx_word' id='word_1_239' title='bbox 919 2586 1071 2646; x_wconf 85' lang='lat' dir='ltr'>clamorem</span> <span class='ocrx_word' id='word_1_240' title='bbox 1080 2589 1172 2655; x_wconf 60' lang='lat' dir='ltr'>xfaetet</span> 
     </span>
     <span class='ocr_line' id='line_1_31' title="bbox 242 2661 1173 2737; baseline 0.005 -19"><span class='ocrx_word' id='word_1_241' title='bbox 242 2663 471 2737; x_wconf 88' lang='lat' dir='ltr'>comprehensum</span> <span class='ocrx_word' id='word_1_242' title='bbox 490 2661 559 2736; x_wconf 86' lang='lat' dir='ltr'>regii</span> <span class='ocrx_word' id='word_1_243' title='bbox 585 2661 717 2718; x_wconf 82' lang='lat' dir='ltr'>satellites</span> <span class='ocrx_word' id='word_1_244' title='bbox 744 2663 930 2737; x_wconf 71' lang='lat' dir='ltr'>retrusissent,</span> <span class='ocrx_word' id='word_1_245' title='bbox 960 2676 1025 2722; x_wconf 81' lang='lat' dir='ltr'>ente</span> <span class='ocrx_word' id='word_1_246' title='bbox 1052 2666 1173 2724; x_wconf 86' lang='lat' dir='ltr'>tribuual</span> 
     </span>
     <span class='ocr_line' id='line_1_32' title="bbox 242 2739 1175 2814; baseline 0.005 -18"><span class='ocrx_word' id='word_1_247' title='bbox 242 2739 317 2814; x_wconf 86' lang='lat' dir='ltr'>regie</span> <span class='ocrx_word' id='word_1_248' title='bbox 337 2740 491 2804; x_wconf 86' lang='lat' dir='ltr'>destitutus,</span> <span class='ocrx_word' id='word_1_249' title='bbox 511 2750 570 2796; x_wconf 89' lang='lat' dir='ltr'>turn</span> <span class='ocrx_word' id='word_1_250' title='bbox 590 2758 705 2812; x_wconf 89' lang='lat' dir='ltr'>quoque,</span> <span class='ocrx_word' id='word_1_251' title='bbox 728 2739 800 2798; x_wconf 83' lang='lat' dir='ltr'>inter</span> <span class='ocrx_word' id='word_1_252' title='bbox 822 2751 912 2800; x_wconf 79' lang='lat' dir='ltr'>tentas</span> <span class='ocrx_word' id='word_1_253' title='bbox 931 2742 1048 2800; x_wconf 78' lang='lat' dir='ltr'>fortune</span> <span class='ocrx_word' id='word_1_254' title='bbox 1073 2744 1175 2810; x_wconf 75' lang='lat' dir='ltr'>ruinas,</span> 
     </span>
     <span class='ocr_line' id='line_1_33' title="bbox 205 2814 1176 2890; baseline 0.006 -20"><span class='ocrx_word' id='word_1_255' title='bbox 205 2829 236 2870; x_wconf 55' lang='lat' dir='ltr'>‘nu</span> <span class='ocrx_word' id='word_1_256' title='bbox 245 2816 410 2874; x_wconf 86' lang='lat' dir='ltr'>metuendus</span> <span class='ocrx_word' id='word_1_257' title='bbox 435 2815 523 2890; x_wconf 86' lang='lat' dir='ltr'>magis</span> <span class='ocrx_word' id='word_1_258' title='bbox 548 2814 630 2890; x_wconf 76' lang='lat' dir='ltr'>quim</span> <span class='ocrx_word' id='word_1_259' title='bbox 653 2829 789 2885; x_wconf 89' lang='lat' dir='ltr'>metuens,</span> <span class='ocrx_word' id='word_1_260' title='bbox 820 2819 997 2876; x_wconf 82' lang='lat' dir='ltr'>“Romanus</span> <span class='ocrx_word' id='word_1_261' title='bbox 1022 2820 1113 2888; x_wconf 83' lang='lat' dir='ltr'>rum‚’&#39;</span> <span class='ocrx_word' id='word_1_262' title='bbox 1134 2820 1176 2876; x_wconf 91' lang='lat' dir='ltr'>in·</span> 
     </span>
     <span class='ocr_line' id='line_1_34' title="bbox 245 2893 1177 2970; baseline 0.004 -20"><span class='ocrx_word' id='word_1_263' title='bbox 245 2893 312 2970; x_wconf 83' lang='lat' dir='ltr'>quit¹</span> <span class='ocrx_word' id='word_1_264' title='bbox 332 2894 444 2962; x_wconf 70' lang='lat' dir='ltr'>“civia</span> <span class='ocrx_word' id='word_1_265' title='bbox 476 2895 509 2950; x_wconf 88' lang='lat' dir='ltr'>C.</span> <span class='ocrx_word' id='word_1_266' title='bbox 524 2893 650 2950; x_wconf 88' lang='lat' dir='ltr'>Mucium</span> <span class='ocrx_word' id='word_1_267' title='bbox 663 2905 771 2952; x_wconf 85' lang='lat' dir='ltr'>vocant.</span> <span class='ocrx_word' id='word_1_268' title='bbox 811 2896 907 2955; x_wconf 86' lang='lat' dir='ltr'>Hostis</span> <span class='ocrx_word' id='word_1_269' title='bbox 927 2897 1034 2952; x_wconf 88' lang='lat' dir='ltr'>hostem</span> <span class='ocrx_word' id='word_1_270' title='bbox 1046 2895 1177 2954; x_wconf 82' lang='lat' dir='ltr'>occidere</span> 
     </span>
     <span class='ocr_line' id='line_1_35' title="bbox 159 2969 1177 3047; baseline 0.006 -21"><span class='ocrx_word' id='word_1_271' title='bbox 159 3007 164 3021; x_wconf 52' lang='lat' dir='ltr'>r</span> <span class='ocrx_word' id='word_1_272' title='bbox 246 2975 265 3007; x_wconf 71' lang='lat'>‘⁶</span> <span class='ocrx_word' id='word_1_273' title='bbox 277 2972 367 3030; x_wconf 86' lang='lat' dir='ltr'>uolui:</span> <span class='ocrx_word' id='word_1_274' title='bbox 387 2991 441 3029; x_wconf 86' lang='lat' dir='ltr'>nee</span> <span class='ocrx_word' id='word_1_275' title='bbox 454 2971 488 3028; x_wconf 84' lang='lat' dir='ltr'>ad</span> <span class='ocrx_word' id='word_1_276' title='bbox 502 2982 615 3029; x_wconf 84' lang='lat' dir='ltr'>mortem</span> <span class='ocrx_word' id='word_1_277' title='bbox 637 2971 730 3029; x_wconf 87' lang='lat' dir='ltr'>minus</span> <span class='ocrx_word' id='word_1_278' title='bbox 743 2973 827 3032; x_wconf 88' lang='lat' dir='ltr'>animi</span> <span class='ocrx_word' id='word_1_279' title='bbox 840 2987 892 3040; x_wconf 84' lang='lat' dir='ltr'>est,</span> <span class='ocrx_word' id='word_1_280' title='bbox 912 2969 996 3047; x_wconf 86' lang='lat' dir='ltr'>qudrn</span> <span class='ocrx_word' id='word_1_281' title='bbox 1010 2972 1111 3030; x_wconf 81' lang='lat' dir='ltr'>suited</span> <span class='ocrx_word' id='word_1_282' title='bbox 1123 2993 1177 3032; x_wconf 73' lang='lat' dir='ltr'>cce.-</span> 
     </span>
     <span class='ocr_line' id='line_1_36' title="bbox 245 3049 1178 3124; baseline 0.003 -16"><span class='ocrx_word' id='word_1_283' title='bbox 245 3050 349 3108; x_wconf 83' lang='lat' dir='ltr'>“dem</span> <span class='ocrx_word' id='word_1_284' title='bbox 388 3049 426 3107; x_wconf 87' lang='lat' dir='ltr'>Et</span> <span class='ocrx_word' id='word_1_285' title='bbox 439 3049 530 3106; x_wconf 85' lang='lat' dir='ltr'>secere</span> <span class='ocrx_word' id='word_1_286' title='bbox 552 3049 649 3124; x_wconf 85' lang='lat' dir='ltr'>etpati</span> <span class='ocrx_word' id='word_1_287' title='bbox 662 3049 750 3122; x_wconf 76' lang='lat' dir='ltr'>fortia,</span> <span class='ocrx_word' id='word_1_288' title='bbox 763 3051 923 3111; x_wconf 82' lang='lat' dir='ltr'>Romanum</span> <span class='ocrx_word' id='word_1_289' title='bbox 936 3060 986 3107; x_wconf 83' lang='lat' dir='ltr'>est..</span> <span class='ocrx_word' id='word_1_290' title='bbox 1026 3049 1090 3110; x_wconf 91' lang='lat' dir='ltr'>Nec</span> <span class='ocrx_word' id='word_1_291' title='bbox 1103 3071 1178 3112; x_wconf 85' lang='lat' dir='ltr'>unus</span> 
     </span>
     <span class='ocr_line' id='line_1_37' title="bbox 246 3127 1178 3204; baseline 0.002 -17"><span class='ocrx_word' id='word_1_292' title='bbox 246 3129 265 3162; x_wconf 89' lang='lat'><strong>“</strong></span> <span class='ocrx_word' id='word_1_293' title='bbox 277 3129 306 3188; x_wconf 91' lang='lat' dir='ltr'>in</span> <span class='ocrx_word' id='word_1_294' title='bbox 319 3138 346 3185; x_wconf 90' lang='lat' dir='ltr'>te</span> <span class='ocrx_word' id='word_1_295' title='bbox 358 3147 412 3204; x_wconf 86' lang='lat' dir='ltr'>ego</span> <span class='ocrx_word' id='word_1_296' title='bbox 422 3128 472 3184; x_wconf 88' lang='lat' dir='ltr'>hos</span> <span class='ocrx_word' id='word_1_297' title='bbox 485 3127 591 3184; x_wconf 84' lang='lat' dir='ltr'>animos</span> <span class='ocrx_word' id='word_1_298' title='bbox 610 3127 699 3202; x_wconf 86' lang='lat' dir='ltr'>gessi:</span> <span class='ocrx_word' id='word_1_299' title='bbox 726 3128 827 3204; x_wconf 74' lang='lat' dir='ltr'>longus</span> <span class='ocrx_word' id='word_1_300' title='bbox 837 3140 898 3204; x_wconf 83' lang='lat' dir='ltr'>post</span> <span class='ocrx_word' id='word_1_301' title='bbox 910 3146 955 3186; x_wconf 90' lang='lat' dir='ltr'>me</span> <span class='ocrx_word' id='word_1_302' title='bbox 967 3129 1036 3188; x_wconf 90' lang='lat' dir='ltr'>ordo</span> <span class='ocrx_word' id='word_1_303' title='bbox 1047 3142 1090 3188; x_wconf 89' lang='lat' dir='ltr'>est</span> <span class='ocrx_word' id='word_1_304' title='bbox 1102 3131 1178 3188; x_wconf 85' lang='lat' dir='ltr'>idem</span> 
     </span>
     <span class='ocr_line' id='line_1_38' title="bbox 214 3205 1179 3285; baseline 0.006 -25"><span class='ocrx_word' id='word_1_305' title='bbox 214 3207 267 3260; x_wconf 53' lang='grc' dir='ltr'>ὃν(</span> <span class='ocrx_word' id='word_1_306' title='bbox 278 3205 430 3282; x_wconf 87' lang='lat' dir='ltr'>petentium</span> <span class='ocrx_word' id='word_1_307' title='bbox 451 3205 545 3262; x_wconf 88' lang='lat' dir='ltr'>decus.</span> <span class='ocrx_word' id='word_1_308' title='bbox 575 3205 694 3262; x_wconf 89' lang='lat' dir='ltr'>Proinde</span> <span class='ocrx_word' id='word_1_309' title='bbox 716 3205 744 3262; x_wconf 92' lang='lat' dir='ltr'>in</span> <span class='ocrx_word' id='word_1_310' title='bbox 759 3207 812 3264; x_wconf 91' lang='lat' dir='ltr'>hoc</span> <span class='ocrx_word' id='word_1_311' title='bbox 825 3206 984 3275; x_wconf 84' lang='lat' dir='ltr'>discrimen,</span> <span class='ocrx_word' id='word_1_312' title='bbox 998 3208 1022 3265; x_wconf 91' lang='lat' dir='ltr'>si</span> <span class='ocrx_word' id='word_1_313' title='bbox 1032 3209 1123 3285; x_wconf 77' lang='lat' dir='ltr'>juvet,</span> <span class='ocrx_word' id='word_1_314' title='bbox 1132 3227 1179 3266; x_wconf 82' lang='lat' dir='ltr'>sc·</span> 
     </span>
     <span class='ocr_line' id='line_1_39' title="bbox 247 3281 1179 3360; baseline 0 -18"><span class='ocrx_word' id='word_1_315' title='bbox 247 3285 266 3321; x_wconf 85' lang='lat'>“</span> <span class='ocrx_word' id='word_1_316' title='bbox 278 3284 400 3360; x_wconf 84' lang='lat' dir='ltr'>cingere,</span> <span class='ocrx_word' id='word_1_317' title='bbox 414 3293 445 3340; x_wconf 89' lang='lat' dir='ltr'>nt</span> <span class='ocrx_word' id='word_1_318' title='bbox 457 3283 486 3340; x_wconf 89' lang='lat' dir='ltr'>in</span> <span class='ocrx_word' id='word_1_319' title='bbox 500 3281 622 3357; x_wconf 82' lang='lat' dir='ltr'>singulas</span> <span class='ocrx_word' id='word_1_320' title='bbox 644 3283 724 3341; x_wconf 88' lang='lat' dir='ltr'>horas</span> <span class='ocrx_word' id='word_1_321' title='bbox 744 3284 834 3360; x_wconf 88' lang='lat' dir='ltr'>capite</span> <span class='ocrx_word' id='word_1_322' title='bbox 854 3283 971 3344; x_wconf 82' lang='lat' dir='ltr'>dimices</span> <span class='ocrx_word' id='word_1_323' title='bbox 983 3297 1047 3356; x_wconf 88' lang='lat' dir='ltr'>tuo;</span> <span class='ocrx_word' id='word_1_324' title='bbox 1075 3287 1179 3344; x_wconf 83' lang='lat' dir='ltr'>serrum</span> 
     </span>
     <span class='ocr_line' id='line_1_40' title="bbox 248 3360 1182 3438; baseline -0.002 -16"><span class='ocrx_word' id='word_1_325' title='bbox 248 3364 439 3436; x_wconf 85' lang='lat' dir='ltr'>“hostemque</span> <span class='ocrx_word' id='word_1_326' title='bbox 453 3360 625 3418; x_wconf 87' lang='lat' dir='ltr'>investibulo</span> <span class='ocrx_word' id='word_1_327' title='bbox 645 3361 747 3418; x_wconf 90' lang='lat' dir='ltr'>habeas</span> <span class='ocrx_word' id='word_1_328' title='bbox 770 3362 862 3436; x_wconf 76' lang='lat' dir='ltr'>regiae.</span> <span class='ocrx_word' id='word_1_329' title='bbox 902 3363 965 3420; x_wconf 92' lang='lat' dir='ltr'>Hoc</span> <span class='ocrx_word' id='word_1_330' title='bbox 978 3363 1029 3422; x_wconf 91' lang='lat' dir='ltr'>tibi</span> <span class='ocrx_word' id='word_1_331' title='bbox 1049 3364 1182 3438; x_wconf 74' lang='lat' dir='ltr'>juventus</span> 
     </span>
     <span class='ocr_line' id='line_1_41' title="bbox 250 3437 1181 3514; baseline -0.001 -18"><span class='ocrx_word' id='word_1_332' title='bbox 250 3442 269 3478; x_wconf 86' lang='lat'><strong>“</strong></span> <span class='ocrx_word' id='word_1_333' title='bbox 280 3437 411 3500; x_wconf 68' lang='lat' dir='ltr'>Romana</span> <span class='ocrx_word' id='word_1_334' title='bbox 423 3438 571 3496; x_wconf 86' lang='lat' dir='ltr'>indicimus</span> <span class='ocrx_word' id='word_1_335' title='bbox 585 3438 694 3496; x_wconf 90' lang='lat' dir='ltr'>bellum.</span> <span class='ocrx_word' id='word_1_336' title='bbox 733 3438 762 3496; x_wconf 93' lang='lat' dir='ltr'>N</span> <span class='ocrx_word' id='word_1_337' title='bbox 765 3439 849 3498; x_wconf 91' lang='lat' dir='ltr'>ullam</span> <span class='ocrx_word' id='word_1_338' title='bbox 869 3441 970 3512; x_wconf 86' lang='lat' dir='ltr'>aciem,</span> <span class='ocrx_word' id='word_1_339' title='bbox 990 3440 1097 3500; x_wconf 83' lang='lat' dir='ltr'>nullum</span> <span class='ocrx_word' id='word_1_340' title='bbox 1110 3457 1181 3514; x_wconf 62' lang='lat' dir='ltr'>proeu</span> 
     </span>
     <span class='ocr_line' id='line_1_42' title="bbox 251 3513 1181 3595; baseline 0.003 -21"><span class='ocrx_word' id='word_1_341' title='bbox 251 3513 348 3576; x_wconf 88' lang='lat' dir='ltr'>“lium</span> <span class='ocrx_word' id='word_1_342' title='bbox 367 3517 501 3576; x_wconf 80' lang='lat' dir='ltr'>timueris.</span> <span class='ocrx_word' id='word_1_343' title='bbox 552 3515 608 3572; x_wconf 91' lang='lat' dir='ltr'>Uni</span> <span class='ocrx_word' id='word_1_344' title='bbox 637 3516 697 3583; x_wconf 89' lang='lat' dir='ltr'>tibi,</span> <span class='ocrx_word' id='word_1_345' title='bbox 724 3525 753 3574; x_wconf 89' lang='lat' dir='ltr'>et</span> <span class='ocrx_word' id='word_1_346' title='bbox 779 3535 844 3574; x_wconf 92' lang='lat' dir='ltr'>cnm</span> <span class='ocrx_word' id='word_1_347' title='bbox 871 3519 998 3595; x_wconf 88' lang='lat' dir='ltr'>singulis,</span> <span class='ocrx_word' id='word_1_348' title='bbox 1025 3535 1070 3574; x_wconf 85' lang='lat' dir='ltr'>ras</span> <span class='ocrx_word' id='word_1_349' title='bbox 1098 3517 1181 3576; x_wconf 78' lang='lat' dir='ltr'>erit.”</span> 
     </span>
     <span class='ocr_line' id='line_1_43' title="bbox 218 3593 1183 3670; baseline 0.006 -22"><span class='ocrx_word' id='word_1_350' title='bbox 218 3593 351 3660; x_wconf 79' lang='lat' dir='ltr'>thuum</span> <span class='ocrx_word' id='word_1_351' title='bbox 363 3615 419 3667; x_wconf 83' lang='lat' dir='ltr'>rex,</span> <span class='ocrx_word' id='word_1_352' title='bbox 433 3595 514 3652; x_wconf 89' lang='lat' dir='ltr'>simul</span> <span class='ocrx_word' id='word_1_353' title='bbox 532 3594 571 3651; x_wconf 71' lang='lat' dir='ltr'>iri</span> <span class='ocrx_word' id='word_1_354' title='bbox 592 3593 724 3662; x_wconf 80' lang='lat' dir='ltr'>infensus,</span> <span class='ocrx_word' id='word_1_355' title='bbox 745 3594 922 3670; x_wconf 89' lang='lat' dir='ltr'>periculoque</span> <span class='ocrx_word' id='word_1_356' title='bbox 935 3595 1110 3664; x_wconf 83' lang='lat' dir='ltr'>conterritus,</span> <span class='ocrx_word' id='word_1_357' title='bbox 1128 3595 1183 3654; x_wconf 66' lang='lat' dir='ltr'>cirb</span> 
     </span>
     <span class='ocr_line' id='line_1_44' title="bbox 253 3671 1186 3750; baseline -0.001 -18"><span class='ocrx_word' id='word_1_358' title='bbox 253 3671 471 3749; x_wconf 85' lang='lat' dir='ltr'>cumdariignes</span> <span class='ocrx_word' id='word_1_359' title='bbox 493 3671 700 3749; x_wconf 78' lang='lat' dir='ltr'>minitabundus</span> <span class='ocrx_word' id='word_1_360' title='bbox 720 3673 838 3750; x_wconf 85' lang='lat' dir='ltr'>juberet,</span> <span class='ocrx_word' id='word_1_361' title='bbox 859 3675 913 3734; x_wconf 88' lang='lat' dir='ltr'>nisi</span> <span class='ocrx_word' id='word_1_362' title='bbox 935 3685 1109 3748; x_wconf 80' lang='lat' dir='ltr'>expromeret</span> <span class='ocrx_word' id='word_1_363' title='bbox 1121 3691 1186 3749; x_wconf 77' lang='lat' dir='ltr'>pro·</span> 
     </span>
     <span class='ocr_line' id='line_1_45' title="bbox 252 3748 1184 3832; baseline 0 -22"><span class='ocrx_word' id='word_1_364' title='bbox 252 3748 327 3832; x_wconf 74' lang='lat' dir='ltr'>perd,</span> <span class='ocrx_word' id='word_1_365' title='bbox 359 3769 425 3826; x_wconf 83' lang='lat' dir='ltr'>quae</span> <span class='ocrx_word' id='word_1_366' title='bbox 449 3751 610 3812; x_wconf 85' lang='lat' dir='ltr'>insidiarum</span> <span class='ocrx_word' id='word_1_367' title='bbox 633 3750 686 3808; x_wconf 87' lang='lat' dir='ltr'>sibi</span> <span class='ocrx_word' id='word_1_368' title='bbox 713 3750 801 3810; x_wconf 86' lang='lat' dir='ltr'>mines</span> <span class='ocrx_word' id='word_1_369' title='bbox 827 3771 877 3830; x_wconf 87' lang='lat' dir='ltr'>per</span> <span class='ocrx_word' id='word_1_370' title='bbox 903 3752 1037 3827; x_wconf 79' lang='lat' dir='ltr'>ambages</span> <span class='ocrx_word' id='word_1_371' title='bbox 1058 3752 1184 3830; x_wconf 75' lang='lat' dir='ltr'>jeceret3</span> 
     </span>
    </p>
   </div>
   <div class='ocr_carea' id='block_1_10' title="bbox 0 0 1353 4194">
    <p class='ocr_par' dir='ltr' id='par_1_11' title="bbox 0 0 1353 4194">
     <span class='ocr_line' id='line_1_46' title="bbox 0 0 1353 4194; baseline 0 0"><span class='ocrx_word' id='word_1_372' title='bbox 0 0 1353 4194; x_wconf 95' lang='lat' dir='ltr'> </span> 
     </span>
    </p>
   </div>
  </div>
 </body>
</html>
