2638 4206
413 416 418 424 k
519 335 620 388 LIBER
635 335 679 389 lx·
706 325 827 386 creavi.
1080 335 1136 398 157
1230 337 1235 348 ·
1313 351 1314 358 ¹

212 473 288 550 “qui
300 485 328 536 te
347 489 458 555 captum
469 477 575 552 victori,
593 495 658 535 curn
670 477 725 552 qut
736 488 814 566 potas
826 473 1045 566 fideqres'tituisl
1084 477 1137 538 Po-

212 553 333 628 “pulum
348 557 506 614 Romanum
521 556 646 630 appello;
673 573 755 629 quem
768 574 791 610 si
811 572 964 629 sponsionis
977 555 1012 611 ad
1030 554 1135 623 Furcu-

213 629 279 688 “los
293 633 432 690 Caudinas
443 635 522 692 sactae
531 633 655 708 poenitet,
668 633 793 690 restituat
804 631 927 706 legiones
940 631 1011 690 intra
1024 633 1131 703 saltum,
1174 637 1178 642 “

156 744 158 760 ι
212 711 292 782 “quo
305 721 387 785 septae
401 712 518 769 luerunt.
558 709 650 768 Nemo
668 727 832 785 quemquam
852 709 1009 784 deceperit:
1041 711 1135 768 omnia

177 799 203 839 rs
212 788 286 859 “pro
299 787 402 847 infecto
423 790 495 846 sint:
525 788 660 863 recipient
673 805 757 854 arma,
777 805 838 861 que
850 805 898 861 per
911 786 1067 861 pactionem
1081 798 1135 844 tra·

212 863 385 924 “diderunt:
405 868 518 924 redeant
531 866 560 923 in
574 877 663 923 castra
676 884 733 922 sua.
772 864 917 938 Quidquid
939 865 1027 940 pridie
1050 864 1136 922 habu·

211 943 326 1014 “erunt,
340 941 422 1018 quarn
436 945 464 1002 in
478 943 643 1018 colloquium
656 952 698 1000 est
711 953 833 1014 ventum,
846 941 981 1000 habeant=
1009 953 1067 1000 tum
1080 943 1136 1000 bel·

210 1020 228 1048 “
237 1017 294 1076 lum
307 1031 335 1077 et
348 1022 427 1080 sortia
439 1023 555 1080 consilia
567 1019 693 1095 placeant
704 1040 711 1090 ;
740 1030 806 1076 tunc
829 1019 938 1095 sponsio
951 1030 979 1076 et
992 1038 1044 1094 pax
1056 1038 1136 1094 repu-

210 1096 229 1128 “
237 1096 335 1154 dictur.
358 1150 360 1160 ,
375 1099 596 1171 nosocomiis
617 1099 694 1169 locis,
716 1116 778 1171 quae
801 1107 864 1154 ante
877 1097 954 1171 pacis
966 1098 1142 1164 mentionem,

178 1186 202 1225 ro
211 1175 229 1202 ‘⁸
238 1173 392 1247 habuimus,
416 1195 544 1252 geramus
564 1176 684 1234 bellurn:
717 1194 771 1232 uec
783 1175 898 1250 populus
911 1173 1056 1234 Romanus
1070 1194 1135 1232 con·

210 1251 326 1308 “sulum
340 1255 522 1326 sponsionem,
537 1273 590 1311 nec
604 1273 654 1310 nos
673 1253 755 1310 fidem
774 1251 867 1328 populi
887 1251 1008 1310 Romani
1022 1271 1135 1310 accuse·

210 1328 306 1386 “mus.
347 1331 533 1404 Nunquamne
553 1350 637 1388 causa
656 1331 747 1398 defiet,
762 1349 811 1388 cur
823 1329 888 1387 victi
902 1340 989 1404 pacto
1005 1349 1061 1388 non
1081 1341 1135 1388 ste-

210 1405 293 1463 “tisl
339 1407 458 1464 Obsides
481 1409 607 1466 Porsena
627 1409 756 1478 dedistis;
789 1407 860 1465 furto
882 1426 930 1464 eos
949 1407 1134 1465 subduxistis:

209 1483 302 1540 “auro
313 1485 451 1542 civitatem
464 1505 481 1543 a
493 1486 580 1544 Gallis
590 1485 743 1543 redemistis
754 1505 761 1556 ;
789 1486 859 1542 inter
879 1485 1072 1561 accipiendum
1087 1504 1135 1543 au·

176 1561 227 1612 1⁵“
236 1579 297 1616 rum
310 1563 375 1620 caesi
396 1576 478 1621 sunt:
494 1583 605 1638 ,pacem
626 1563 769 1622 uobiscum
790 1562 941 1638 pepigistis,
964 1573 995 1620 ut
1011 1562 1136 1638 legiones

209 1638 311 1695 “vobis
334 1650 428 1715 captas
448 1641 668 1711 restitueremus;
702 1659 762 1698 eam
784 1658 881 1715 pacem
902 1639 1005 1698 irritam
1025 1640 1134 1709 facitie;

208 1715 263 1770 “et
276 1735 382 1791 semper
403 1719 521 1793 aliquam
544 1719 632 1778 sraudi
653 1719 774 1794 speciem
793 1717 863 1793 juris
881 1715 1028 1793 imponitis.
1067 1717 1134 1775 Non

208 1792 330 1867 “probat
342 1795 457 1870 populus
479 1796 624 1857 Romanus
644 1795 828 1872 ignominiosi
847 1813 915 1870 pace
935 1796 1059 1871 legiones
1078 1814 1140 1868 ser·⁸

206 1862 224 1895 “
233 1874 329 1927 vatasl
356 1891 454 1947 pacem
476 1873 529 1930 sibi
544 1875 653 1946 habeat,
666 1873 790 1949 legiones
810 1883 903 1948 captas
916 1872 1012 1933 victori
1024 1873 1133 1931 restitu-

172 1940 224 1999 Μ
233 1957 278 2003 at:
311 1949 449 2021 haedde,
473 1951 526 2008 hoc
551 1951 708 2022 soederibus,
732 1951 784 2008 hoc
806 1949 949 2007 fecialibus
968 1950 1134 2007 cerimoniis

206 2017 348 2098 “dignum
359 2036 426 2083 erat.
465 2027 503 2084 Ut
514 2038 544 2086 tu
556 2029 679 2102 quidem,
701 2029 773 2102 quod
794 2027 894 2102 petisti,
917 2045 964 2101 per
977 2027 1133 2101 pactionem

206 2097 345 2170 “habeas,
366 2114 405 2160 tot
427 2104 502 2162 cives
521 2105 691 2175 incolumes;
723 2122 775 2180 ego
798 2123 905 2179 pacem,
927 2122 1010 2178 quam
1032 2102 1129 2182 [hosti]

205 2175 282 2236 “tibi
296 2181 460 2240 remittendo
472 2193 569 2256 pactus
583 2201 653 2248 sum,
667 2201 723 2239 non
737 2182 870 2249 habeam;
898 2183 950 2238 hoo
961 2193 1001 2245 tu,
1015 2182 1051 2238 A.
1065 2181 1133 2238 Cor-

205 2254 297 2327 “neli,
322 2258 374 2315 hoc
388 2277 442 2329 vos,
457 2259 578 2326 feciales,
599 2259 669 2334 juris
688 2259 817 2334 gentibus
837 2258 951 2314 dictust
991 2257 1052 2332 Ego
1070 2257 1133 2314 verb

172 2331 223 2386 es“
232 2333 307 2406 istos,
327 2355 394 2409 quos
408 2337 472 2394 dedi
492 2337 635 2409 simulatis,
655 2355 708 2393 nec
722 2336 837 2410 accipio,
857 2353 911 2392 uec
924 2334 988 2392 dedi
1002 2335 1133 2402 arbitror3

205 2410 285 2476 “uec
305 2433 403 2485 moror,
423 2413 478 2489 qud
498 2413 590 2472 minias
610 2415 639 2471 in
662 2414 800 2471 civitatem
820 2413 967 2488 obligatam
987 2412 1133 2487 sponsione

205 2487 385 2561 “commisss,
409 2491 485 2550 iratis
508 2492 635 2549 omnibus
656 2491 861 2566 Diisquorum
880 2491 999 2550 eluditur
1018 2508 1132 2560 numen,

205 2566 353 2625 “redeant
405 2571 499 2628 Gerite
526 2571 638 2641 bellum,
664 2569 773 2643 quando
794 2569 841 2644 Sp.
869 2568 1025 2626 Postumius
1051 2566 1132 2628 modd

205 2643 350 2723 “legatum
364 2646 489 2704 socialem
503 2666 577 2723 genu
589 2647 714 2723 perculit.
753 2646 797 2704 Ita
820 2647 867 2706 Dii
887 2647 1008 2717 credent,
1023 2645 1132 2702 Samni-

172 2723 223 2770 ³⁰“
234 2730 289 2778 tem
303 2724 391 2782 civem
405 2725 584 2796 Postumium,
608 2744 664 2783 non
688 2725 776 2781 civem
797 2725 966 2795 Romanum,
989 2743 1060 2789 esse,
1073 2732 1102 2788 et
1115 2741 1133 2778 a

204 2799 356 2855 “Samnite
370 2801 490 2876 legatum
504 2803 663 2862 Romanum
677 2803 822 2866 violatum:
853 2801 885 2858 ed
898 2801 975 2858 vobis
984 2801 1088 2875 justum
1101 2799 1131 2854 in
1163 2816 1166 2828 ¹

205 2875 405 2937 “nos-sactum
428 2897 488 2936 esse
511 2879 621 2936 bellum.
663 2880 733 2937 Haec
755 2879 873 2937 ludibria
891 2877 1053 2954 religionum
1074 2894 1130 2932 nou
1158 2903 1165 2948 q

1161 2833 1166 2902 l

204 2954 334 3028 “pudere
349 2954 377 3010 iu
390 2955 482 3013 lucem
495 2957 636 3032 proferret
668 2967 695 3013 et
710 2956 753 3014 vix
766 2957 858 3030 pueris
881 2957 979 3030 dignas
1001 2953 1132 3028 ambages
1162 2995 1167 3030 ἱ

204 3043 313 3089 “senes
332 3051 366 3089 ac
388 3034 545 3091 consulares
565 3034 691 3092 sallendae
717 3035 780 3092 fidei
804 3033 964 3108 exquireret
1003 3030 1027 3098 Ι,
1041 3031 1130 3102 lictor,
1161 3031 1167 3083 l

172 3116 221 3158 δ”
231 3109 311 3166 deme
337 3110 428 3168 vincla
452 3111 604 3169 Romanis:
638 3123 758 3170 moratus
781 3111 815 3168 sit
837 3129 928 3182 nemo,
954 3107 1006 3183 qud
1030 3109 1130 3180 mimis,

204 3197 221 3222 “
231 3188 278 3244 ubi
293 3187 379 3245 visum
393 3188 483 3255 fuerit,
498 3189 627 3247 abeant.’'
667 3190 704 3246 Et
717 3190 755 3246 illi
769 3189 888 3262 quidem,
898 3187 1008 3244 sorsitan
1022 3200 1050 3244 et
1062 3186 1130 3261 pub-

204 3263 268 3332 lica,
282 3265 333 3322 sud
352 3267 426 3323 certe
446 3267 561 3327 liberati
580 3267 644 3340 fide,
658 3268 693 3336 ab
713 3266 820 3344 Caudio
838 3265 866 3323 in
889 3276 978 3324 casua
1001 3265 1130 3325 Romana

205 3340 324 3412 inviolati
338 3343 485 3404 redierunt.

242 3495 322 3557 XVI·
342 3539 349 3556 ·
371 3543 377 3557 ·
398 3541 405 3558 ·
425 3541 433 3566 ,ι
455 3543 461 3557 ·
483 3501 534 3578 [L
548 3501 688 3580 Papirius
704 3501 821 3591 Cursor]
841 3499 943 3558 suitvir
957 3495 1128 3558 hauddubie

172 3574 305 3650 ttdignus
329 3579 403 3636 omni
424 3577 523 3640 bellice
546 3579 636 3650 laude,
660 3600 715 3648 non
739 3580 823 3636 animi
848 3579 934 3642 soldrn
958 3579 1057 3653 vigore,
1078 3573 1127 3632 sed

202 3653 286 3712 etiam
300 3657 418 3730 corporis
432 3657 533 3714 viribus
546 3658 692 3718 excellens.
732 3657 875 3733 Praecipua
895 3657 995 3732 pedum
1010 3651 1128 3729 pernici·

202 3743 244 3799 tas
256 3731 355 3801 inerat,
368 3752 428 3808 quae
448 3754 603 3812 cognomen
624 3736 706 3794 etiam
720 3735 811 3807 dedit3
841 3735 1025 3808 victoremque
1044 3747 1128 3790 cursu

509 3813 577 3906 x14
