2620 4200
186 327 244 393 226
570 321 636 382 'lm
652 330 734 383 mvn

187 483 282 541 noctu,
296 472 390 531 venire
410 485 472 530 sese
492 471 581 540 vellet,
604 473 703 532 iisdem
721 491 756 530 an
770 470 831 529 aliis
842 470 986 530 considere
1005 467 1113 532 cismo

186 551 277 611 Nocte
290 551 362 608 clem
375 551 482 626 ingredi
496 551 594 610 melius
606 552 694 608 risum
707 554 757 608 esi.

221 705 334 764 XLVI..
348 705 469 764 Tessern
481 725 529 782 per
541 717 632 766 oestro
645 706 680 764 eb
693 705 771 764 Livio
790 704 903 763 consule
923 704 988 762 data
1000 714 1067 775 erat,
1081 715 1113 762 ut

184 783 324 844 tribunum
351 784 486 851 tribunus,
512 785 637 842 centurio
657 783 856 848 centurionem,
877 801 961 856 eques
978 782 1110 856 equitem,

182 861 267 938 pedes
289 862 410 936 peditem
430 862 586 937 acciperet:
619 880 708 936 neque
728 861 802 918 enirn
815 859 922 918 dilstnri
936 871 1025 916 castre
1041 879 1111 935 opus
1133 877 1148 918 o

182 958 253 1012 esse,
266 958 302 995 ne
316 940 399 997 hostis
421 941 568 996 adventum
588 939 700 996 ulterius
715 939 835 996 consulis
855 937 984 996 sentiret:
1016 947 1043 994 et
1061 956 1109 995 co·

180 1017 296 1076 nictatio
309 1017 427 1091 plurium
441 1017 470 1076 iu
484 1027 601 1092 angusto
621 1017 793 1076 tendentium
813 1015 920 1073 facilior
939 1015 1028 1072 sutura
1040 1025 1109 1088 erat,

181 1092 253 1168 quid
267 1093 437 1152 Claudianus
450 1095 587 1152 exercitus
600 1095 668 1152 nihil
682 1094 777 1161 ferme,
794 1103 892 1169 preter
906 1111 991 1159 srme,
1011 1111 1109 1150 secum

182 1172 212 1230 in
224 1173 428 1246 expeditionem
448 1173 555 1230 tulerat
594 1173 747 1240 Ceterum,
762 1173 791 1230 in
805 1172 863 1246 ipso
877 1170 975 1228 itinere
996 1181 1111 1227 auctum

181 1249 340 1308 voluntariis
353 1269 453 1326 agmen
466 1261 540 1320 erst;
571 1251 749 1308 offerentibus
771 1266 831 1306 sese
849 1248 920 1305 ultro
932 1259 961 1304 et
973 1248 1112 1305 veteribus
1122 1266 1146 1308 ro

182 1327 314 1386 militibus
327 1326 478 1403 perfunctis
487 1328 545 1404 jam
559 1329 666 1401 militib,
680 1338 708 1385 et
717 1327 876 1404 juvenibus,
895 1344 965 1400 quos
984 1327 1110 1384 certatim

181 1406 294 1464 uomina
306 1407 413 1474 dautes,
433 1407 456 1463 si
470 1425 585 1480 quorum
606 1405 726 1481 corporis
739 1405 845 1480 species
858 1404 994 1478 roburque
1012 1404 1110 1460 virium

180 1493 274 1558 aptum
286 1484 391 1542 militie
412 1485 563 1556 videbatur,
584 1484 793 1560 conscripserat.
833 1482 880 1540 Ad
893 1483 998 1540 &nam
1018 1492 1109 1538 cnstrn

180 1559 291 1618 alterius
311 1563 432 1620 consulis
452 1573 548 1632 erant3
580 1573 609 1620 et
628 1563 792 1637 quingentos
817 1559 883 1618 inde
909 1562 995 1618 ferme
1014 1577 1110 1634 possus

180 1636 336 1696 Hasdrubal
350 1640 452 1698 uberet.
492 1639 589 1714 Itaque
602 1659 686 1714 quum
696 1639 753 1714 jam
767 1638 1004 1713 appropinquaret,
1018 1647 1109 1695 tectus
1119 1657 1144 1696 ιε

179 1715 318 1772 montibus
331 1717 451 1774 substitit
463 1717 549 1787 Nero,
572 1736 608 1774 ne
630 1726 695 1773 ente
717 1726 828 1772 noctem
848 1727 939 1772 oestro
952 1715 1110 1789 ingredere
1184 1721 1187 1728 ’

178 1790 230 1851 lui.
271 1791 387 1850 Silentio
401 1793 526 1868 ingressi,
540 1795 575 1852 ab
588 1795 631 1850 sui
649 1793 763 1868 quisque
782 1792 887 1850 ordinis
907 1793 1066 1850 hominibus
1079 1792 1109 1850 iu

178 1869 295 1930 tentorio
314 1871 436 1937 abducti,
463 1889 528 1928 cum
547 1871 656 1930 summi
675 1872 798 1928 onmium
824 1869 920 1928 letitie
939 1869 1109 1944 hospitaliter

178 1949 360 2026 excipiuntur.
400 1949 512 2006 Postero
523 1950 569 2006 die
581 1949 728 2007 consilinm
749 1947 883 2021 habitum,
896 1947 943 2004 cui
955 1957 984 2002 et
996 1947 1029 2003 L.
1043 1947 1109 2008 Por·

178 2030 239 2088 eius
252 2029 367 2086 Licinus
386 2038 483 2104 praetor
496 2028 581 2085 offuit.
622 2026 720 2084 Cestio
730 2026 828 2102 juncte
848 2022 994 2083 consulum
1010 2023 1142 2084 cestrisss

176 2107 317 2166 nubebat,
349 2117 377 2156 et
396 2117 461 2156 ante
481 2107 628 2156 adventum
648 2123 756 2168 eorum,
769 2121 817 2173 per
830 2102 891 2158 loon
904 2102 959 2158 alte
978 2102 1108 2159 ducendo

177 2176 341 2246 exercitum,
354 2194 438 2249 quum
452 2175 533 2232 modo
546 2175 678 2232 insideret
700 2186 831 2250 angustos
853 2175 946 2244 saltus,
967 2188 999 2234 ut
1011 2174 1109 2234 trunsi⁴

178 2258 237 2306 tunr
251 2250 399 2322 clauderet,
413 2251 493 2309 modo
507 2251 542 2308 eb
555 2252 639 2308 lutere
652 2261 700 2308 aut
711 2252 748 2306 eb
761 2263 838 2326 tergo
851 2262 977 2326 corporet
995 2271 1107 2328 agmen,

177 2321 336 2386 luditicatus
355 2329 460 2387 hostem
480 2325 608 2386 omnibns
627 2328 731 2384 ortibus
751 2327 815 2386 belli
835 2329 942 2386 fuerat:
970 2330 994 2388 is
1007 2341 1065 2388 tum
1078 2331 1108 2389 iu

176 2406 293 2462 consilio
306 2407 407 2463 oderat
447 2405 598 2464 Multorum
611 2405 646 2462 ed
660 2405 797 2464 inclinant
814 2407 967 2478 sententie,
988 2417 1026 2478 ut,
1040 2409 1105 2466 dum
1115 2428 1142 2470 se

176 2481 278 2537 fessum
300 2482 344 2540 nib
363 2501 396 2542 sc
418 2483 518 2558 vigiliis
536 2484 662 2542 reficeret
681 2483 797 2540 militem
816 2483 904 2556 Nero,
924 2485 1004 2542 simul
1024 2499 1052 2542 et
1071 2487 1107 2544 ed

175 2559 347 2616 noscendum
369 2561 474 2616 bostem
489 2579 592 2634 paucos
605 2561 657 2617 sibi
670 2571 791 2618 sumeret
804 2561 872 2631 dies,
886 2573 994 2638 tempus
1005 2582 1105 2638 pugne

175 2633 339 2693 differretur.
379 2636 456 2694 Nero
466 2655 524 2694 non
538 2638 653 2694 suadere
667 2637 761 2704 modo,
776 2639 825 2696 sed
838 2642 948 2698 summo
963 2659 1014 2716 ope
1026 2659 1105 2698 orere

175 2711 282 2784 institit,
304 2719 366 2770 “ne
379 2713 524 2771 consilium
537 2733 628 2786 suum,
642 2716 715 2790 quod
728 2726 817 2774 tutum
840 2718 968 2776 celeritas
985 2718 1104 2788 lecisset,

176 2791 378 2849 “temerarium
401 2792 533 2850 morundo
556 2792 687 2850 fecerent.
727 2793 827 2851 Errore
851 2795 911 2870 (qui
932 2816 988 2854 non
1001 2797 1138 2870 dimon-oo

175 2874 256 2926 “nus
269 2868 376 2928 futurus
389 2870 474 2945 esset)
494 2870 568 2928 velut
580 2881 744 2945 torpentem,
759 2872 948 2930 Hannibalem
968 2893 1022 2930 nec
1044 2893 1105 2932 cas-

175 2951 244 3002 “tra
257 2965 307 3004 sus
319 2949 379 3005 sine
401 2948 474 3004 duce
494 2948 591 3004 relicta
610 2950 734 3024 aggredi,
753 2967 807 3006 uec
827 2951 862 3008 ad
882 2951 1052 3024 sequendum
1071 2969 1102 3008 se

173 3022 253 3079 “iter
272 3024 431 3084 intendisse.
479 3025 636 3099 Antequam
657 3045 686 3082 se
706 3038 821 3098 moveat,
844 3028 929 3086 deleri
948 3027 1102 3085 exercitum

173 3099 383 3162 “Hmdrubalis
395 3122 483 3178 posse,
499 3103 671 3181 [redireque]
694 3104 722 3162 in
746 3105 884 3180 Apuliam.
935 3103 995 3165 Qui
1014 3105 1102 3179 prole-

172 3179 193 3214 “
201 3177 285 3234 tando
297 3181 414 3254 spatium
429 3181 499 3240 hosti
512 3181 567 3250 det,
580 3201 645 3240 eum
664 3193 694 3240 et
707 3182 753 3240 ills
765 3195 854 3240 castre
866 3183 980 3256 prodere
994 3182 1137 3258 Hanni-ss

172 3254 266 3321 “bali,
290 3268 318 3312 et
341 3259 445 3333 operire
465 3260 493 3316 in
514 3260 632 3318 Galliam
645 3261 706 3328 iter,
727 3274 758 3318 ut
774 3263 824 3335 per
842 3261 938 3328 otium,
959 3260 1006 3318 ubi
1027 3261 1101 3329 velit,

173 3333 368 3392 “Hasdrubali
391 3337 582 3413 conjungatur.
622 3337 768 3414 Extemplo
792 3338 902 3413 signum
921 3339 1054 3407 dandum,
1074 3351 1103 3397 et

173 3412 358 3470 “exeundum
373 3414 401 3471 in
425 3415 532 3472 eciem:
566 3417 788 3491 abutendumque
805 3435 896 3475 errore
915 3417 1034 3474 hostium
1055 3417 1102 3474 ab·

171 3493 192 3528 ⁸⁴
201 3490 321 3548 sentium
334 3494 582 3567 presentiumque;
609 3494 676 3552 dum
690 3511 780 3569 neque
802 3495 840 3552 illi
855 3495 944 3552 sciunt
955 3514 1021 3554 cum
1034 3513 1102 3571 pau·

174 3567 330 3635 “oioribun
344 3587 398 3626 nec
412 3571 439 3628 hi
460 3589 524 3628 cum
545 3571 669 3646 pluribus
681 3583 710 3629 et
729 3573 913 3641 validioribus,
934 3593 992 3630 rem
1012 3573 1133 3634 esse.''u

171 3641 296 3731 Consilio
308 3647 430 3714 dimisso,
445 3649 554 3724 signum
568 3667 668 3724 pugne
678 3651 846 3726 proponitur,
860 3651 1059 3727 confestimque
1070 3651 1100 3710 iu
1115 3645 1117 3649 ’
1136 3674 1139 3680 ·

170 3737 261 3780 ecreto
274 3721 435 3797 procedunt.
