<?xml version="1.0" encoding="UTF-8"?>
<!DOCTYPE html PUBLIC "-//W3C//DTD XHTML 1.0 Transitional//EN"
    "http://www.w3.org/TR/xhtml1/DTD/xhtml1-transitional.dtd">
<html xmlns="http://www.w3.org/1999/xhtml" xml:lang="en" lang="en">
 <head>
  <title>
</title>
<meta http-equiv="Content-Type" content="text/html;charset=utf-8" />
  <meta name='ocr-system' content='tesseract 3.04.00' />
  <meta name='ocr-capabilities' content='ocr_page ocr_carea ocr_par ocr_line ocrx_word'/>
</head>
<body>
  <div class='ocr_page' id='page_1' title='image "./historiarumetse04livygoog_0131.png"; bbox 0 0 2638 4206; ppageno 0'>
   <div class='ocr_carea' id='block_1_1' title="bbox 478 796 755 861">
    <p class='ocr_par' dir='ltr' id='par_1_1' title="bbox 478 796 755 861">
     <span class='ocr_line' id='line_1_1' title="bbox 478 796 755 861; baseline 0.004 -7"><span class='ocrx_word' id='word_1_1' title='bbox 478 796 588 857; x_wconf 85' lang='lat' dir='ltr'>LIBRI</span> <span class='ocrx_word' id='word_1_2' title='bbox 607 797 755 861; x_wconf 80' lang='lat' dir='ltr'><strong>QUINTI</strong></span> 
     </span>
    </p>
   </div>
   <div class='ocr_carea' id='block_1_2' title="bbox 347 1011 902 1063">
    <p class='ocr_par' dir='ltr' id='par_1_2' title="bbox 347 1011 902 1063">
     <span class='ocr_line' id='line_1_2' title="bbox 347 1011 902 1063; baseline 0.002 -5"><span class='ocrx_word' id='word_1_3' title='bbox 347 1011 415 1060; x_wconf 65' lang='lat' dir='ltr'><strong>cat).</strong></span> <span class='ocrx_word' id='word_1_4' title='bbox 430 1011 679 1063; x_wconf 82' lang='lat' dir='ltr'><strong>XXVI-XXVIII.</strong></span> <span class='ocrx_word' id='word_1_5' title='bbox 706 1011 902 1062; x_wconf 84' lang='lat' dir='ltr'>XXXII-LV.</span> 
     </span>
    </p>
   </div>
   <div class='ocr_carea' id='block_1_3' title="bbox 457 1392 785 1436">
    <p class='ocr_par' dir='ltr' id='par_1_3' title="bbox 457 1392 785 1436">
     <span class='ocr_line' id='line_1_3' title="bbox 457 1392 785 1436; baseline -0.006 -8"><span class='ocrx_word' id='word_1_6' title='bbox 457 1393 577 1428; x_wconf 69' lang='lat' dir='ltr'><strong>mabam</strong></span> <span class='ocrx_word' id='word_1_7' title='bbox 589 1392 667 1426; x_wconf 70' lang='lat' dir='ltr'><strong>stetu</strong></span> <span class='ocrx_word' id='word_1_8' title='bbox 679 1393 785 1436; x_wconf 71' lang='lat' dir='ltr'><strong>otnant.</strong></span> 
     </span>
    </p>
   </div>
   <div class='ocr_carea' id='block_1_4' title="bbox 149 1516 1085 1760">
    <p class='ocr_par' dir='ltr' id='par_1_4' title="bbox 149 1516 1085 1760">
     <span class='ocr_line' id='line_1_4' title="bbox 149 1516 1085 1568; baseline 0.002 -12"><span class='ocrx_word' id='word_1_9' title='bbox 149 1518 152 1529; x_wconf 71' lang='lat'><strong><em>¹</em></strong></span> <span class='ocrx_word' id='word_1_10' title='bbox 176 1516 200 1556; x_wconf 82' lang='lat' dir='ltr'><strong>la</strong></span> <span class='ocrx_word' id='word_1_11' title='bbox 208 1517 309 1556; x_wconf 84' lang='lat' dir='ltr'><strong>obsidione</strong></span> <span class='ocrx_word' id='word_1_12' title='bbox 318 1517 411 1567; x_wconf 78' lang='lat' dir='ltr'><strong>Veiorum</strong></span> <span class='ocrx_word' id='word_1_13' title='bbox 420 1519 549 1558; x_wconf 68' lang='lat' dir='ltr'>hibernacula</span> <span class='ocrx_word' id='word_1_14' title='bbox 557 1519 653 1558; x_wconf 70' lang='lat' dir='ltr'><strong>militibus</strong></span> <span class='ocrx_word' id='word_1_15' title='bbox 662 1519 714 1558; x_wconf 82' lang='lat' dir='ltr'><strong>lacte</strong></span> <span class='ocrx_word' id='word_1_16' title='bbox 722 1524 780 1558; x_wconf 85' lang='lat' dir='ltr'><strong>runt:</strong></span> <span class='ocrx_word' id='word_1_17' title='bbox 793 1529 817 1558; x_wconf 87' lang='lat' dir='ltr'><strong>en</strong></span> <span class='ocrx_word' id='word_1_18' title='bbox 824 1529 919 1568; x_wconf 84' lang='lat' dir='ltr'><strong>resquura</strong></span> <span class='ocrx_word' id='word_1_19' title='bbox 928 1523 981 1558; x_wconf 86' lang='lat' dir='ltr'><strong>esset</strong></span> <span class='ocrx_word' id='word_1_20' title='bbox 989 1529 1047 1567; x_wconf 83' lang='lat' dir='ltr'><strong>nora,</strong></span> <span class='ocrx_word' id='word_1_21' title='bbox 1054 1519 1085 1558; x_wconf 91' lang='lat' dir='ltr'><strong>in·</strong></span> 
     </span>
     <span class='ocr_line' id='line_1_5' title="bbox 151 1564 1082 1622; baseline 0.003 -19"><span class='ocrx_word' id='word_1_22' title='bbox 151 1564 281 1622; x_wconf 72' lang='lat' dir='ltr'><strong>dignationem</strong></span> <span class='ocrx_word' id='word_1_23' title='bbox 290 1566 410 1604; x_wconf 90' lang='lat' dir='ltr'><strong>tribunorum</strong></span> <span class='ocrx_word' id='word_1_24' title='bbox 420 1568 480 1615; x_wconf 81' lang='lat' dir='ltr'><strong>plebis</strong></span> <span class='ocrx_word' id='word_1_25' title='bbox 494 1569 562 1616; x_wconf 82' lang='lat' dir='ltr'><strong>morit,</strong></span> <span class='ocrx_word' id='word_1_26' title='bbox 572 1567 694 1616; x_wconf 72' lang='lat' dir='ltr'><strong>querentium</strong></span> <span class='ocrx_word' id='word_1_27' title='bbox 704 1579 741 1606; x_wconf 91' lang='lat' dir='ltr'><strong>nun</strong></span> <span class='ocrx_word' id='word_1_28' title='bbox 750 1569 792 1606; x_wconf 90' lang='lat' dir='ltr'><strong>dari</strong></span> <span class='ocrx_word' id='word_1_29' title='bbox 802 1567 854 1614; x_wconf 88' lang='lat' dir='ltr'><strong>plebi</strong></span> <span class='ocrx_word' id='word_1_30' title='bbox 864 1579 899 1606; x_wconf 88' lang='lat' dir='ltr'><strong>nee</strong></span> <span class='ocrx_word' id='word_1_31' title='bbox 912 1580 944 1615; x_wconf 88' lang='lat' dir='ltr'><strong>per</strong></span> <span class='ocrx_word' id='word_1_32' title='bbox 954 1569 1037 1606; x_wconf 87' lang='lat' dir='ltr'><strong>biemern</strong></span> <span class='ocrx_word' id='word_1_33' title='bbox 1047 1568 1082 1606; x_wconf 90' lang='lat' dir='ltr'><strong>nri·</strong></span> 
     </span>
     <span class='ocr_line' id='line_1_6' title="bbox 150 1613 1083 1664; baseline 0.003 -14"><span class='ocrx_word' id='word_1_34' title='bbox 150 1613 225 1652; x_wconf 78' lang='lat' dir='ltr'><strong>libere</strong></span> <span class='ocrx_word' id='word_1_35' title='bbox 240 1615 297 1653; x_wconf 87' lang='lat' dir='ltr'><strong>aiem.</strong></span> <span class='ocrx_word' id='word_1_36' title='bbox 325 1615 406 1663; x_wconf 84' lang='lat' dir='ltr'><strong>Equites</strong></span> <span class='ocrx_word' id='word_1_37' title='bbox 415 1624 456 1654; x_wconf 89' lang='lat' dir='ltr'><strong>torn</strong></span> <span class='ocrx_word' id='word_1_38' title='bbox 466 1617 549 1664; x_wconf 89' lang='lat' dir='ltr'><strong>prinnim</strong></span> <span class='ocrx_word' id='word_1_39' title='bbox 559 1615 613 1664; x_wconf 79' lang='lat' dir='ltr'><strong>equis</strong></span> <span class='ocrx_word' id='word_1_40' title='bbox 622 1616 662 1653; x_wconf 83' lang='lat' dir='ltr'><strong>suis</strong></span> <span class='ocrx_word' id='word_1_41' title='bbox 672 1627 743 1653; x_wconf 89' lang='lat' dir='ltr'><strong>merere</strong></span> <span class='ocrx_word' id='word_1_42' title='bbox 752 1624 857 1663; x_wconf 73' lang='lat' dir='ltr'><strong>caeperunt.</strong></span> <span class='ocrx_word' id='word_1_43' title='bbox 878 1616 1083 1655; x_wconf 81' lang='lat' dir='ltr'><strong>tirrumirrunnmioox</strong></span> 
     </span>
     <span class='ocr_line' id='line_1_7' title="bbox 150 1627 1083 1714; baseline 0.003 -15"><span class='ocrx_word' id='word_1_44' title='bbox 150 1661 196 1700; x_wconf 84' lang='lat' dir='ltr'><strong>lecu</strong></span> <span class='ocrx_word' id='word_1_45' title='bbox 206 1627 282 1701; x_wconf 73' lang='lat' dir='ltr'><strong>clibano</strong></span> <span class='ocrx_word' id='word_1_46' title='bbox 292 1662 344 1702; x_wconf 81' lang='lat' dir='ltr'><strong>bem</strong></span> <span class='ocrx_word' id='word_1_47' title='bbox 352 1671 412 1710; x_wconf 82' lang='lat' dir='ltr'><strong>estet,</strong></span> <span class='ocrx_word' id='word_1_48' title='bbox 422 1673 485 1714; x_wconf 62' lang='lat' dir='ltr'><strong>iratos,</strong></span> <span class='ocrx_word' id='word_1_49' title='bbox 495 1665 584 1714; x_wconf 44' lang='lat' dir='ltr'><strong>quircnru</strong></span> <span class='ocrx_word' id='word_1_50' title='bbox 598 1677 636 1703; x_wconf 89' lang='lat' dir='ltr'><strong>rem</strong></span> <span class='ocrx_word' id='word_1_51' title='bbox 652 1665 820 1710; x_wconf 73' lang='lat' dir='ltr'><strong>interpretaretur,</strong></span> <span class='ocrx_word' id='word_1_52' title='bbox 834 1665 954 1706; x_wconf 74' lang='lat' dir='ltr'><strong>uerberibus</strong></span> <span class='ocrx_word' id='word_1_53' title='bbox 966 1673 1034 1712; x_wconf 76' lang='lat' dir='ltr'><strong>carptus</strong></span> <span class='ocrx_word' id='word_1_54' title='bbox 1044 1671 1083 1704; x_wconf 86' lang='lat' dir='ltr'><strong>ert.</strong></span> 
     </span>
     <span class='ocr_line' id='line_1_8' title="bbox 149 1709 1084 1760; baseline 0.005 -13"><span class='ocrx_word' id='word_1_55' title='bbox 149 1709 223 1748; x_wconf 84' lang='lat' dir='ltr'><strong>Furius</strong></span> <span class='ocrx_word' id='word_1_56' title='bbox 232 1710 327 1749; x_wconf 82' lang='lat' dir='ltr'><strong>Currrillur</strong></span> <span class='ocrx_word' id='word_1_57' title='bbox 334 1711 418 1750; x_wconf 83' lang='lat' dir='ltr'><strong>dictator</strong></span> <span class='ocrx_word' id='word_1_58' title='bbox 427 1713 495 1752; x_wconf 87' lang='lat' dir='ltr'><strong>decern</strong></span> <span class='ocrx_word' id='word_1_59' title='bbox 505 1724 564 1752; x_wconf 82' lang='lat' dir='ltr'><strong>unitos</strong></span> <span class='ocrx_word' id='word_1_60' title='bbox 574 1713 661 1752; x_wconf 81' lang='lat' dir='ltr'><strong>obsessos</strong></span> <span class='ocrx_word' id='word_1_61' title='bbox 673 1709 730 1760; x_wconf 81' lang='lat' dir='ltr'><strong>choe</strong></span> <span class='ocrx_word' id='word_1_62' title='bbox 742 1714 808 1760; x_wconf 79' lang='lat' dir='ltr'><strong>cepit:</strong></span> <span class='ocrx_word' id='word_1_63' title='bbox 821 1712 946 1752; x_wconf 82' lang='lat' dir='ltr'><strong>sinmluurum</strong></span> <span class='ocrx_word' id='word_1_64' title='bbox 955 1713 1036 1752; x_wconf 85' lang='lat' dir='ltr'><strong>iunonis</strong></span> <span class='ocrx_word' id='word_1_65' title='bbox 1047 1713 1084 1752; x_wconf 90' lang='lat' dir='ltr'><strong>llo·</strong></span> 
     </span>
    </p>
   </div>
   <div class='ocr_carea' id='block_1_5' title="bbox 125 1767 1124 3408">
    <p class='ocr_par' dir='ltr' id='par_1_5' title="bbox 144 1767 1083 2440">
     <span class='ocr_line' id='line_1_9' title="bbox 159 1767 1082 1819; baseline 0.001 -14"><span class='ocrx_word' id='word_1_66' title='bbox 159 1779 210 1806; x_wconf 89' lang='lat' dir='ltr'><strong>marn</strong></span> <span class='ocrx_word' id='word_1_67' title='bbox 219 1767 333 1806; x_wconf 85' lang='lat' dir='ltr'><strong>transtulit:</strong></span> <span class='ocrx_word' id='word_1_68' title='bbox 345 1769 442 1808; x_wconf 87' lang='lat' dir='ltr'><strong>decimam</strong></span> <span class='ocrx_word' id='word_1_69' title='bbox 455 1778 530 1819; x_wconf 89' lang='lat' dir='ltr'><strong>partem</strong></span> <span class='ocrx_word' id='word_1_70' title='bbox 546 1771 612 1818; x_wconf 70' lang='lat' dir='ltr'><strong>predae</strong></span> <span class='ocrx_word' id='word_1_71' title='bbox 621 1769 704 1818; x_wconf 88' lang='lat' dir='ltr'><strong>llelpbos</strong></span> <span class='ocrx_word' id='word_1_72' title='bbox 714 1770 801 1817; x_wconf 81' lang='lat' dir='ltr'><strong>Apollini</strong></span> <span class='ocrx_word' id='word_1_73' title='bbox 814 1770 875 1808; x_wconf 79' lang='lat' dir='ltr'><strong>misit.</strong></span> <span class='ocrx_word' id='word_1_74' title='bbox 911 1778 978 1809; x_wconf 81' lang='lat' dir='ltr'><strong>xxvl.</strong></span> <span class='ocrx_word' id='word_1_75' title='bbox 1004 1775 1082 1809; x_wconf 79' lang='lat' dir='ltr'><strong>xxvii.</strong></span> 
     </span>
     <span class='ocr_line' id='line_1_10' title="bbox 150 1823 1083 1889; baseline 0 -14"><span class='ocrx_word' id='word_1_76' title='bbox 150 1825 218 1876; x_wconf 82' lang='lat' dir='ltr'><strong>Idem</strong></span> <span class='ocrx_word' id='word_1_77' title='bbox 230 1828 333 1874; x_wconf 88' lang='lat' dir='ltr'><strong>tribunus</strong></span> <span class='ocrx_word' id='word_1_78' title='bbox 344 1829 449 1884; x_wconf 86' lang='lat' dir='ltr'><strong>militurn,</strong></span> <span class='ocrx_word' id='word_1_79' title='bbox 462 1843 532 1889; x_wconf 89' lang='lat' dir='ltr'><strong>quum</strong></span> <span class='ocrx_word' id='word_1_80' title='bbox 544 1829 647 1875; x_wconf 85' lang='lat' dir='ltr'><strong>Faliscos</strong></span> <span class='ocrx_word' id='word_1_81' title='bbox 658 1830 782 1883; x_wconf 78' lang='lat' dir='ltr'><strong>obsideret,</strong></span> <span class='ocrx_word' id='word_1_82' title='bbox 793 1831 895 1889; x_wconf 86' lang='lat' dir='ltr'><strong>proditos</strong></span> <span class='ocrx_word' id='word_1_83' title='bbox 909 1825 1010 1872; x_wconf 77' lang='lat' dir='ltr'><strong>llosllum</strong></span> <span class='ocrx_word' id='word_1_84' title='bbox 1023 1823 1083 1870; x_wconf 73' lang='lat' dir='ltr'><strong>filios</strong></span> 
     </span>
     <span class='ocr_line' id='line_1_11' title="bbox 151 1887 1082 1960; baseline -0.004 -24"><span class='ocrx_word' id='word_1_85' title='bbox 151 1889 282 1960; x_wconf 63' lang='lat' dir='ltr'><strong>parentibus</strong></span> <span class='ocrx_word' id='word_1_86' title='bbox 301 1890 404 1938; x_wconf 84' lang='lat' dir='ltr'><strong>remisit:</strong></span> <span class='ocrx_word' id='word_1_87' title='bbox 438 1893 561 1950; x_wconf 88' lang='lat' dir='ltr'><strong>statimque</strong></span> <span class='ocrx_word' id='word_1_88' title='bbox 583 1891 700 1938; x_wconf 86' lang='lat' dir='ltr'><strong>deditione</strong></span> <span class='ocrx_word' id='word_1_89' title='bbox 717 1888 787 1946; x_wconf 70' lang='lat' dir='ltr'><strong>lurtb,</strong></span> <span class='ocrx_word' id='word_1_90' title='bbox 803 1892 945 1938; x_wconf 81' lang='lat' dir='ltr'><strong>Faliscorum</strong></span> <span class='ocrx_word' id='word_1_91' title='bbox 963 1887 1082 1934; x_wconf 88' lang='lat' dir='ltr'><strong>victoriam</strong></span> 
     </span>
     <span class='ocr_line' id='line_1_12' title="bbox 144 1951 1083 2016; baseline -0.004 -16"><span class='ocrx_word' id='word_1_92' title='bbox 144 1951 235 2016; x_wconf 80' lang='lat' dir='ltr'><strong>juslilla</strong></span> <span class='ocrx_word' id='word_1_93' title='bbox 246 1958 386 1998; x_wconf 80' lang='lat' dir='ltr'><strong>consecullls</strong></span> <span class='ocrx_word' id='word_1_94' title='bbox 397 1960 440 2000; x_wconf 83' lang='lat' dir='ltr'><strong>est.</strong></span> <span class='ocrx_word' id='word_1_95' title='bbox 467 1963 534 2002; x_wconf 74' lang='lat' dir='ltr'><strong>Quum</strong></span> <span class='ocrx_word' id='word_1_96' title='bbox 550 1963 598 2000; x_wconf 86' lang='lat' dir='ltr'><strong>alter</strong></span> <span class='ocrx_word' id='word_1_97' title='bbox 610 1962 761 2008; x_wconf 75' lang='lat' dir='ltr'><strong>extensoribus,</strong></span> <span class='ocrx_word' id='word_1_98' title='bbox 772 1963 796 1999; x_wconf 86' lang='lat' dir='ltr'><strong>C.</strong></span> <span class='ocrx_word' id='word_1_99' title='bbox 805 1961 878 2010; x_wconf 83' lang='lat' dir='ltr'><strong>Julius,</strong></span> <span class='ocrx_word' id='word_1_100' title='bbox 887 1959 1012 2006; x_wconf 84' lang='lat' dir='ltr'><strong>decessisset,</strong></span> <span class='ocrx_word' id='word_1_101' title='bbox 1026 1957 1045 1994; x_wconf 92' lang='lat' dir='ltr'><strong>in</strong></span> <span class='ocrx_word' id='word_1_102' title='bbox 1055 1955 1083 1996; x_wconf 91' lang='lat' dir='ltr'><strong>lo-</strong></span> 
     </span>
     <span class='ocr_line' id='line_1_13' title="bbox 146 2010 1082 2068; baseline 0.001 -15"><span class='ocrx_word' id='word_1_103' title='bbox 146 2024 191 2054; x_wconf 85' lang='lat' dir='ltr'><strong>cum</strong></span> <span class='ocrx_word' id='word_1_104' title='bbox 200 2011 245 2061; x_wconf 84' lang='lat' dir='ltr'><strong>ojus</strong></span> <span class='ocrx_word' id='word_1_105' title='bbox 253 2010 281 2050; x_wconf 79' lang='grc' dir='ltr'><strong>Μ·</strong></span> <span class='ocrx_word' id='word_1_106' title='bbox 291 2011 392 2051; x_wconf 67' lang='lat' dir='ltr'><strong>C⁰l¹l⁰¹5¹l⁸</strong></span> <span class='ocrx_word' id='word_1_107' title='bbox 401 2016 495 2060; x_wconf 77' lang='lat' dir='ltr'><strong>luffectus</strong></span> <span class='ocrx_word' id='word_1_108' title='bbox 510 2028 553 2059; x_wconf 84' lang='lat' dir='ltr'><strong>est:</strong></span> <span class='ocrx_word' id='word_1_109' title='bbox 572 2031 608 2059; x_wconf 90' lang='lat' dir='ltr'><strong>nec</strong></span> <span class='ocrx_word' id='word_1_110' title='bbox 618 2021 635 2058; x_wconf 86' lang='lat' dir='ltr'><strong>iri</strong></span> <span class='ocrx_word' id='word_1_111' title='bbox 650 2028 716 2068; x_wconf 79' lang='lat' dir='ltr'><strong>postca</strong></span> <span class='ocrx_word' id='word_1_112' title='bbox 732 2019 804 2058; x_wconf 81' lang='lat' dir='ltr'><strong>facturn</strong></span> <span class='ocrx_word' id='word_1_113' title='bbox 817 2027 855 2066; x_wconf 85' lang='lat' dir='ltr'><strong>est,</strong></span> <span class='ocrx_word' id='word_1_114' title='bbox 865 2018 955 2068; x_wconf 86' lang='lat' dir='ltr'><strong>quoniam</strong></span> <span class='ocrx_word' id='word_1_115' title='bbox 964 2028 987 2055; x_wconf 90' lang='lat' dir='ltr'><strong>co</strong></span> <span class='ocrx_word' id='word_1_116' title='bbox 1001 2015 1082 2054; x_wconf 83' lang='lat' dir='ltr'><strong>iustroa</strong></span> 
     </span>
     <span class='ocr_line' id='line_1_14' title="bbox 146 2066 1081 2129; baseline -0.012 -7"><span class='ocrx_word' id='word_1_117' title='bbox 146 2071 211 2110; x_wconf 77' lang='lat' dir='ltr'><strong>Galli·</strong></span> <span class='ocrx_word' id='word_1_118' title='bbox 221 2070 396 2120; x_wconf 62' lang='lat' dir='ltr'><strong>benacum„</strong></span> <span class='ocrx_word' id='word_1_119' title='bbox 422 2085 503 2118; x_wconf 75' lang='lat' dir='ltr'><strong>xxxii.</strong></span> <span class='ocrx_word' id='word_1_120' title='bbox 520 2071 539 2116; x_wconf 89' lang='lat' dir='ltr'>F</span> <span class='ocrx_word' id='word_1_121' title='bbox 541 2071 602 2117; x_wconf 91' lang='lat' dir='ltr'><strong>urius</strong></span> <span class='ocrx_word' id='word_1_122' title='bbox 614 2069 734 2123; x_wconf 89' lang='lat' dir='ltr'><strong>Camillus,</strong></span> <span class='ocrx_word' id='word_1_123' title='bbox 745 2084 816 2129; x_wconf 85' lang='lat' dir='ltr'><strong>qutun</strong></span> <span class='ocrx_word' id='word_1_124' title='bbox 836 2071 856 2115; x_wconf 92' lang='lat' dir='ltr'><strong>ei</strong></span> <span class='ocrx_word' id='word_1_125' title='bbox 877 2069 926 2114; x_wconf 87' lang='lat' dir='ltr'><strong>dies</strong></span> <span class='ocrx_word' id='word_1_126' title='bbox 937 2081 950 2113; x_wconf 93' lang='lat' dir='ltr'><strong>a</strong></span> <span class='ocrx_word' id='word_1_127' title='bbox 962 2066 990 2112; x_wconf 89' lang='lat' dir='ltr'><strong>L.</strong></span> <span class='ocrx_word' id='word_1_128' title='bbox 1002 2069 1081 2126; x_wconf 82' lang='lat' dir='ltr'><strong>Appu-</strong></span> 
     </span>
     <span class='ocr_line' id='line_1_15' title="bbox 145 2127 1081 2191; baseline -0.003 -15"><span class='ocrx_word' id='word_1_129' title='bbox 145 2131 193 2191; x_wconf 84' lang='lat' dir='ltr'><strong>leju</strong></span> <span class='ocrx_word' id='word_1_130' title='bbox 205 2131 294 2178; x_wconf 88' lang='lat' dir='ltr'><strong>tribune</strong></span> <span class='ocrx_word' id='word_1_131' title='bbox 314 2131 387 2188; x_wconf 87' lang='lat' dir='ltr'><strong>plebis</strong></span> <span class='ocrx_word' id='word_1_132' title='bbox 403 2133 465 2180; x_wconf 82' lang='lat' dir='ltr'><strong>dicta</strong></span> <span class='ocrx_word' id='word_1_133' title='bbox 481 2139 553 2186; x_wconf 87' lang='lat' dir='ltr'><strong>esset,</strong></span> <span class='ocrx_word' id='word_1_134' title='bbox 567 2133 593 2178; x_wconf 86' lang='lat' dir='ltr'><strong>iu</strong></span> <span class='ocrx_word' id='word_1_135' title='bbox 611 2132 719 2178; x_wconf 80' lang='lat' dir='ltr'><strong>exsiliunt</strong></span> <span class='ocrx_word' id='word_1_136' title='bbox 736 2133 799 2178; x_wconf 89' lang='lat' dir='ltr'><strong>abiit.</strong></span> <span class='ocrx_word' id='word_1_137' title='bbox 831 2144 929 2184; x_wconf 83' lang='lat' dir='ltr'><strong>xxxiii,</strong></span> <span class='ocrx_word' id='word_1_138' title='bbox 941 2129 985 2176; x_wconf 77' lang='lat' dir='ltr'><strong>&amp;e</strong></span> <span class='ocrx_word' id='word_1_139' title='bbox 1002 2127 1081 2182; x_wconf 88' lang='lat' dir='ltr'><strong>Quum</strong></span> 
     </span>
     <span class='ocr_line' id='line_1_16' title="bbox 148 2191 1080 2261; baseline -0.006 -22"><span class='ocrx_word' id='word_1_140' title='bbox 148 2192 255 2239; x_wconf 79' lang='lat' dir='ltr'><strong>Senones</strong></span> <span class='ocrx_word' id='word_1_141' title='bbox 267 2192 326 2238; x_wconf 89' lang='lat' dir='ltr'><strong>Galli</strong></span> <span class='ocrx_word' id='word_1_142' title='bbox 338 2193 443 2242; x_wconf 84' lang='lat' dir='ltr'><strong>Clusium</strong></span> <span class='ocrx_word' id='word_1_143' title='bbox 454 2195 593 2252; x_wconf 82' lang='lat' dir='ltr'><strong>obsiderent,</strong></span> <span class='ocrx_word' id='word_1_144' title='bbox 612 2200 637 2240; x_wconf 90' lang='lat' dir='ltr'><strong>et</strong></span> <span class='ocrx_word' id='word_1_145' title='bbox 648 2193 725 2254; x_wconf 76' lang='lat' dir='ltr'><strong>legati,</strong></span> <span class='ocrx_word' id='word_1_146' title='bbox 745 2208 758 2240; x_wconf 88' lang='lat' dir='ltr'><strong>a</strong></span> <span class='ocrx_word' id='word_1_147' title='bbox 775 2200 857 2240; x_wconf 88' lang='lat' dir='ltr'><strong>senatu</strong></span> <span class='ocrx_word' id='word_1_148' title='bbox 868 2192 931 2238; x_wconf 86' lang='lat' dir='ltr'><strong>missi</strong></span> <span class='ocrx_word' id='word_1_149' title='bbox 946 2191 974 2236; x_wconf 88' lang='lat' dir='ltr'><strong>ad</strong></span> <span class='ocrx_word' id='word_1_150' title='bbox 985 2203 1080 2261; x_wconf 78' lang='lat' dir='ltr'><strong>compo·</strong></span> 
     </span>
     <span class='ocr_line' id='line_1_17' title="bbox 147 2252 1081 2316; baseline -0.003 -15"><span class='ocrx_word' id='word_1_151' title='bbox 147 2256 248 2316; x_wconf 81' lang='lat' dir='ltr'><strong>aternlarn</strong></span> <span class='ocrx_word' id='word_1_152' title='bbox 261 2254 320 2300; x_wconf 86' lang='lat' dir='ltr'><strong>inter</strong></span> <span class='ocrx_word' id='word_1_153' title='bbox 331 2270 372 2302; x_wconf 88' lang='lat' dir='ltr'><strong>eos</strong></span> <span class='ocrx_word' id='word_1_154' title='bbox 383 2263 407 2303; x_wconf 89' lang='lat' dir='ltr'><strong>ct</strong></span> <span class='ocrx_word' id='word_1_155' title='bbox 419 2255 527 2303; x_wconf 84' lang='lat' dir='ltr'><strong>Clusinos</strong></span> <span class='ocrx_word' id='word_1_156' title='bbox 545 2271 635 2316; x_wconf 88' lang='lat' dir='ltr'><strong>pacem,</strong></span> <span class='ocrx_word' id='word_1_157' title='bbox 655 2261 785 2315; x_wconf 76' lang='lat' dir='ltr'><strong>pugnantes</strong></span> <span class='ocrx_word' id='word_1_158' title='bbox 805 2263 884 2300; x_wconf 86' lang='lat' dir='ltr'><strong>contra</strong></span> <span class='ocrx_word' id='word_1_159' title='bbox 900 2253 978 2298; x_wconf 87' lang='lat' dir='ltr'><strong>Gallos</strong></span> <span class='ocrx_word' id='word_1_160' title='bbox 997 2252 1081 2298; x_wconf 86' lang='lat' dir='ltr'><strong>inacte</strong></span> 
     </span>
     <span class='ocr_line' id='line_1_18' title="bbox 149 2313 1081 2376; baseline -0.004 -14"><span class='ocrx_word' id='word_1_161' title='bbox 149 2315 294 2363; x_wconf 86' lang='lat' dir='ltr'><strong>Clusinorum</strong></span> <span class='ocrx_word' id='word_1_162' title='bbox 315 2319 452 2376; x_wconf 87' lang='lat' dir='ltr'><strong>stetissent;</strong></span> <span class='ocrx_word' id='word_1_163' title='bbox 479 2317 525 2364; x_wconf 93' lang='lat' dir='ltr'><strong>boc</strong></span> <span class='ocrx_word' id='word_1_164' title='bbox 547 2317 607 2364; x_wconf 88' lang='lat' dir='ltr'><strong>lacto</strong></span> <span class='ocrx_word' id='word_1_165' title='bbox 629 2331 707 2363; x_wconf 87' lang='lat' dir='ltr'><strong>eorrrm</strong></span> <span class='ocrx_word' id='word_1_166' title='bbox 730 2317 839 2363; x_wconf 89' lang='lat' dir='ltr'><strong>concitati</strong></span> <span class='ocrx_word' id='word_1_167' title='bbox 867 2315 972 2361; x_wconf 85' lang='lat' dir='ltr'><strong>Senones</strong></span> <span class='ocrx_word' id='word_1_168' title='bbox 994 2313 1081 2359; x_wconf 85' lang='lat' dir='ltr'><strong>Urbem</strong></span> 
     </span>
     <span class='ocr_line' id='line_1_19' title="bbox 147 2375 1080 2440; baseline -0.004 -17"><span class='ocrx_word' id='word_1_169' title='bbox 147 2377 232 2425; x_wconf 88' lang='lat' dir='ltr'><strong>inlesto</strong></span> <span class='ocrx_word' id='word_1_170' title='bbox 244 2379 349 2426; x_wconf 87' lang='lat' dir='ltr'><strong>exercitu</strong></span> <span class='ocrx_word' id='word_1_171' title='bbox 371 2381 502 2440; x_wconf 77' lang='lat' dir='ltr'><strong>petierunt,</strong></span> <span class='ocrx_word' id='word_1_172' title='bbox 530 2393 643 2426; x_wconf 81' lang='lat' dir='ltr'><strong>xnnvrrr.</strong></span> <span class='ocrx_word' id='word_1_173' title='bbox 661 2393 750 2432; x_wconf 85' lang='lat' dir='ltr'><strong>xxxix,</strong></span> <span class='ocrx_word' id='word_1_174' title='bbox 762 2380 808 2424; x_wconf 79' lang='lat' dir='ltr'><strong>&amp;e</strong></span> <span class='ocrx_word' id='word_1_175' title='bbox 834 2378 853 2423; x_wconf 89' lang='lat' dir='ltr'><strong>F</strong></span> <span class='ocrx_word' id='word_1_176' title='bbox 855 2377 947 2436; x_wconf 87' lang='lat' dir='ltr'><strong>usisque</strong></span> <span class='ocrx_word' id='word_1_177' title='bbox 959 2376 988 2420; x_wconf 91' lang='lat' dir='ltr'><strong>ad</strong></span> <span class='ocrx_word' id='word_1_178' title='bbox 1000 2375 1080 2420; x_wconf 81' lang='lat' dir='ltr'><strong>Alliam</strong></span> 
     </span>
    </p>

    <p class='ocr_par' dir='ltr' id='par_1_6' title="bbox 125 2435 1124 3305">
     <span class='ocr_line' id='line_1_20' title="bbox 125 2435 1080 2501; baseline -0.004 -15"><span class='ocrx_word' id='word_1_179' title='bbox 125 2491 128 2498; x_wconf 58' lang='grc'>,</span> <span class='ocrx_word' id='word_1_180' title='bbox 145 2437 235 2486; x_wconf 87' lang='lat' dir='ltr'><strong>flumen</strong></span> <span class='ocrx_word' id='word_1_181' title='bbox 256 2440 376 2497; x_wconf 86' lang='lat' dir='ltr'><strong>Romanis,</strong></span> <span class='ocrx_word' id='word_1_182' title='bbox 397 2439 481 2501; x_wconf 71' lang='lat' dir='ltr'><strong>cepere</strong></span> <span class='ocrx_word' id='word_1_183' title='bbox 498 2442 594 2498; x_wconf 89' lang='lat' dir='ltr'><strong>Urbem,</strong></span> <span class='ocrx_word' id='word_1_184' title='bbox 610 2449 693 2501; x_wconf 82' lang='lat' dir='ltr'><strong>praeter</strong></span> <span class='ocrx_word' id='word_1_185' title='bbox 710 2440 858 2500; x_wconf 87' lang='lat' dir='ltr'><strong>Capitolium,</strong></span> <span class='ocrx_word' id='word_1_186' title='bbox 880 2439 904 2484; x_wconf 94' lang='lat' dir='ltr'><strong>in</strong></span> <span class='ocrx_word' id='word_1_187' title='bbox 926 2438 987 2496; x_wconf 91' lang='lat' dir='ltr'><strong>quod</strong></span> <span class='ocrx_word' id='word_1_188' title='bbox 1003 2450 1029 2482; x_wconf 88' lang='lat' dir='ltr'><strong>se</strong></span> <span class='ocrx_word' id='word_1_189' title='bbox 1041 2435 1080 2495; x_wconf 93' lang='lat' dir='ltr'><strong>ju·</strong></span> 
     </span>
     <span class='ocr_line' id='line_1_21' title="bbox 144 2499 1105 2564; baseline -0.004 -18"><span class='ocrx_word' id='word_1_190' title='bbox 144 2509 229 2548; x_wconf 82' lang='lat' dir='ltr'><strong>ventus</strong></span> <span class='ocrx_word' id='word_1_191' title='bbox 246 2503 389 2550; x_wconf 84' lang='lat' dir='ltr'><strong>contulerat:</strong></span> <span class='ocrx_word' id='word_1_192' title='bbox 432 2503 614 2564; x_wconf 80' lang='lat' dir='ltr'><strong>xu1.·lllaj0res</strong></span> <span class='ocrx_word' id='word_1_193' title='bbox 639 2509 703 2556; x_wconf 90' lang='lat' dir='ltr'><strong>natu,</strong></span> <span class='ocrx_word' id='word_1_194' title='bbox 726 2516 779 2548; x_wconf 90' lang='lat' dir='ltr'><strong>curn</strong></span> <span class='ocrx_word' id='word_1_195' title='bbox 806 2501 936 2562; x_wconf 84' lang='lat' dir='ltr'><strong>insignibus</strong></span> <span class='ocrx_word' id='word_1_196' title='bbox 959 2499 1105 2564; x_wconf 36' lang='lat' dir='ltr'><strong>bonorum,-</strong></span> 
     </span>
     <span class='ocr_line' id='line_1_22' title="bbox 145 2561 1078 2626; baseline -0.004 -18"><span class='ocrx_word' id='word_1_197' title='bbox 145 2577 203 2622; x_wconf 89' lang='lat' dir='ltr'><strong>quos</strong></span> <span class='ocrx_word' id='word_1_198' title='bbox 230 2563 326 2622; x_wconf 88' lang='lat' dir='ltr'><strong>quisque</strong></span> <span class='ocrx_word' id='word_1_199' title='bbox 353 2563 513 2626; x_wconf 75' lang='lat' dir='ltr'><strong>gesserat,&#39;in</strong></span> <span class='ocrx_word' id='word_1_200' title='bbox 540 2565 660 2611; x_wconf 85' lang='lat' dir='ltr'><strong>vestibulis</strong></span> <span class='ocrx_word' id='word_1_201' title='bbox 682 2565 767 2610; x_wconf 83' lang='lat' dir='ltr'><strong>aediurn</strong></span> <span class='ocrx_word' id='word_1_202' title='bbox 791 2564 909 2620; x_wconf 85' lang='lat' dir='ltr'><strong>sedentes,</strong></span> <span class='ocrx_word' id='word_1_203' title='bbox 934 2561 1078 2607; x_wconf 88' lang='lat' dir='ltr'><strong>occiderunt.</strong></span> 
     </span>
     <span class='ocr_line' id='line_1_23' title="bbox 143 2617 1104 2686; baseline -0.005 -16"><span class='ocrx_word' id='word_1_204' title='bbox 143 2638 228 2671; x_wconf 77' lang='lat' dir='ltr'><strong>xuvrr.</strong></span> <span class='ocrx_word' id='word_1_205' title='bbox 246 2624 276 2670; x_wconf 87' lang='lat' dir='ltr'><strong>Et</strong></span> <span class='ocrx_word' id='word_1_206' title='bbox 288 2638 367 2683; x_wconf 86' lang='lat' dir='ltr'><strong>quum,</strong></span> <span class='ocrx_word' id='word_1_207' title='bbox 379 2641 419 2685; x_wconf 89' lang='lat' dir='ltr'><strong>per</strong></span> <span class='ocrx_word' id='word_1_208' title='bbox 429 2641 532 2673; x_wconf 83' lang='lat' dir='ltr'><strong>aversam</strong></span> <span class='ocrx_word' id='word_1_209' title='bbox 544 2634 629 2686; x_wconf 86' lang='lat' dir='ltr'><strong>partem</strong></span> <span class='ocrx_word' id='word_1_210' title='bbox 639 2625 754 2684; x_wconf 86' lang='lat' dir='ltr'><strong>Capitolii,</strong></span> <span class='ocrx_word' id='word_1_211' title='bbox 770 2625 819 2684; x_wconf 42' lang='lat' dir='ltr'><strong>,iarn</strong></span> <span class='ocrx_word' id='word_1_212' title='bbox 827 2625 850 2669; x_wconf 90' lang='lat' dir='ltr'><strong>in</strong></span> <span class='ocrx_word' id='word_1_213' title='bbox 862 2637 978 2669; x_wconf 86' lang='lat' dir='ltr'><strong>srrnrrnum</strong></span> <span class='ocrx_word' id='word_1_214' title='bbox 990 2621 1076 2668; x_wconf 87' lang='lat' dir='ltr'><strong>evasis·</strong></span> <span class='ocrx_word' id='word_1_215' title='bbox 1099 2617 1104 2634; x_wconf 90' lang='lat'><em>&#39;</em></span> 
     </span>
     <span class='ocr_line' id='line_1_24' title="bbox 143 2681 1076 2747; baseline -0.004 -16"><span class='ocrx_word' id='word_1_216' title='bbox 143 2693 204 2742; x_wconf 87' lang='lat' dir='ltr'><strong>sent,</strong></span> <span class='ocrx_word' id='word_1_217' title='bbox 217 2687 298 2746; x_wconf 87' lang='lat' dir='ltr'><strong>proditi</strong></span> <span class='ocrx_word' id='word_1_218' title='bbox 317 2688 424 2746; x_wconf 71' lang='lat' dir='ltr'><strong>clangore</strong></span> <span class='ocrx_word' id='word_1_219' title='bbox 442 2703 557 2743; x_wconf 88' lang='lat' dir='ltr'><strong>anserum,</strong></span> <span class='ocrx_word' id='word_1_220' title='bbox 569 2688 604 2734; x_wconf 88' lang='lat' dir='ltr'><strong>bl.</strong></span> <span class='ocrx_word' id='word_1_221' title='bbox 616 2688 697 2734; x_wconf 89' lang='lat' dir='ltr'><strong>blanlii</strong></span> <span class='ocrx_word' id='word_1_222' title='bbox 709 2683 824 2747; x_wconf 74' lang='lat' dir='ltr'><strong>precipue</strong></span> <span class='ocrx_word' id='word_1_223' title='bbox 836 2681 907 2746; x_wconf 73' lang='lat' dir='ltr'><strong>operit</strong></span> <span class='ocrx_word' id='word_1_224' title='bbox 918 2683 1003 2745; x_wconf 78' lang='lat' dir='ltr'><strong>rleJecti</strong></span> <span class='ocrx_word' id='word_1_225' title='bbox 1015 2689 1076 2728; x_wconf 90' lang='lat' dir='ltr'><strong>sunt.</strong></span> 
     </span>
     <span class='ocr_line' id='line_1_25' title="bbox 143 2743 1078 2811; baseline -0.003 -18"><span class='ocrx_word' id='word_1_226' title='bbox 143 2761 241 2794; x_wconf 76' lang='lat' dir='ltr'><strong>xavrrr.</strong></span> <span class='ocrx_word' id='word_1_227' title='bbox 258 2749 352 2796; x_wconf 87' lang='lat' dir='ltr'><strong>Coactis</strong></span> <span class='ocrx_word' id='word_1_228' title='bbox 363 2751 447 2798; x_wconf 91' lang='lat' dir='ltr'><strong>deinde</strong></span> <span class='ocrx_word' id='word_1_229' title='bbox 464 2758 556 2811; x_wconf 87' lang='lat' dir='ltr'><strong>propter</strong></span> <span class='ocrx_word' id='word_1_230' title='bbox 575 2749 657 2797; x_wconf 83' lang='lat' dir='ltr'><strong>saracin</strong></span> <span class='ocrx_word' id='word_1_231' title='bbox 676 2749 787 2796; x_wconf 85' lang='lat' dir='ltr'><strong>Romanis</strong></span> <span class='ocrx_word' id='word_1_232' title='bbox 805 2747 956 2801; x_wconf 81' lang='lat' dir='ltr'><strong>descendere,</strong></span> <span class='ocrx_word' id='word_1_233' title='bbox 975 2753 999 2792; x_wconf 86' lang='lat' dir='ltr'><strong>ut</strong></span> <span class='ocrx_word' id='word_1_234' title='bbox 1015 2743 1078 2791; x_wconf 89' lang='lat' dir='ltr'><strong>mille</strong></span> 
     </span>
     <span class='ocr_line' id='line_1_26' title="bbox 141 2806 1078 2874; baseline -0.005 -18"><span class='ocrx_word' id='word_1_235' title='bbox 141 2811 221 2870; x_wconf 89' lang='lat' dir='ltr'><strong>pondo</strong></span> <span class='ocrx_word' id='word_1_236' title='bbox 230 2811 276 2857; x_wconf 91' lang='lat' dir='ltr'><strong>auri</strong></span> <span class='ocrx_word' id='word_1_237' title='bbox 288 2812 378 2867; x_wconf 88' lang='lat' dir='ltr'><strong>darent,</strong></span> <span class='ocrx_word' id='word_1_238' title='bbox 389 2820 413 2859; x_wconf 88' lang='lat' dir='ltr'><strong>el</strong></span> <span class='ocrx_word' id='word_1_239' title='bbox 423 2813 469 2860; x_wconf 91' lang='lat' dir='ltr'><strong>boc</strong></span> <span class='ocrx_word' id='word_1_240' title='bbox 481 2814 553 2874; x_wconf 84' lang='lat' dir='ltr'><strong>pretio</strong></span> <span class='ocrx_word' id='word_1_241' title='bbox 566 2811 637 2858; x_wconf 83' lang='lat' dir='ltr'><strong>linem</strong></span> <span class='ocrx_word' id='word_1_242' title='bbox 649 2811 774 2857; x_wconf 89' lang='lat' dir='ltr'><strong>obsidionis</strong></span> <span class='ocrx_word' id='word_1_243' title='bbox 785 2815 904 2867; x_wconf 80' lang='lat' dir='ltr'><strong>errrerenl3</strong></span> <span class='ocrx_word' id='word_1_244' title='bbox 936 2821 1010 2854; x_wconf 79' lang='lat' dir='ltr'><strong>xarx.</strong></span> <span class='ocrx_word' id='word_1_245' title='bbox 1032 2806 1078 2852; x_wconf 79' lang='lat' dir='ltr'><strong>ln-</strong></span> 
     </span>
     <span class='ocr_line' id='line_1_27' title="bbox 141 2872 1077 2940; baseline -0.004 -22"><span class='ocrx_word' id='word_1_246' title='bbox 141 2873 189 2920; x_wconf 86' lang='lat' dir='ltr'><strong>rins</strong></span> <span class='ocrx_word' id='word_1_247' title='bbox 201 2872 321 2930; x_wconf 85' lang='lat' dir='ltr'><strong>Camillus,</strong></span> <span class='ocrx_word' id='word_1_248' title='bbox 332 2875 429 2922; x_wconf 85' lang='lat' dir='ltr'><strong>dictator</strong></span> <span class='ocrx_word' id='word_1_249' title='bbox 439 2876 523 2922; x_wconf 80' lang='lat' dir='ltr'><strong>absens</strong></span> <span class='ocrx_word' id='word_1_250' title='bbox 534 2882 633 2928; x_wconf 90' lang='lat' dir='ltr'><strong>creatus,</strong></span> <span class='ocrx_word' id='word_1_251' title='bbox 645 2874 704 2920; x_wconf 92' lang='lat' dir='ltr'><strong>inter</strong></span> <span class='ocrx_word' id='word_1_252' title='bbox 714 2873 862 2933; x_wconf 88' lang='lat' dir='ltr'><strong>pendendum</strong></span> <span class='ocrx_word' id='word_1_253' title='bbox 879 2885 958 2917; x_wconf 83' lang='lat' dir='ltr'><strong>atrium</strong></span> <span class='ocrx_word' id='word_1_254' title='bbox 970 2883 1024 2940; x_wconf 80' lang='lat' dir='ltr'><strong>cuna</strong></span> <span class='ocrx_word' id='word_1_255' title='bbox 1035 2882 1077 2914; x_wconf 79' lang='lat' dir='ltr'><strong>es·-</strong></span> 
     </span>
     <span class='ocr_line' id='line_1_28' title="bbox 142 2932 1078 3000; baseline -0.005 -20"><span class='ocrx_word' id='word_1_256' title='bbox 142 2935 215 2982; x_wconf 91' lang='lat' dir='ltr'><strong>ereitu</strong></span> <span class='ocrx_word' id='word_1_257' title='bbox 226 2935 300 2989; x_wconf 58' lang='lat' dir='ltr'><strong>tvenil,</strong></span> <span class='ocrx_word' id='word_1_258' title='bbox 311 2943 335 2983; x_wconf 88' lang='lat' dir='ltr'><strong>et</strong></span> <span class='ocrx_word' id='word_1_259' title='bbox 348 2937 426 2984; x_wconf 89' lang='lat' dir='ltr'><strong>Gallos</strong></span> <span class='ocrx_word' id='word_1_260' title='bbox 445 2944 498 2996; x_wconf 88' lang='lat' dir='ltr'><strong>post</strong></span> <span class='ocrx_word' id='word_1_261' title='bbox 508 2944 602 2984; x_wconf 88' lang='lat' dir='ltr'><strong>sextum</strong></span> <span class='ocrx_word' id='word_1_262' title='bbox 614 2949 719 2982; x_wconf 90' lang='lat' dir='ltr'><strong>rnensern</strong></span> <span class='ocrx_word' id='word_1_263' title='bbox 738 2935 801 2982; x_wconf 87' lang='lat' dir='ltr'><strong>Urbe</strong></span> <span class='ocrx_word' id='word_1_264' title='bbox 820 2933 916 2993; x_wconf 84' lang='lat' dir='ltr'><strong>expulit,</strong></span> <span class='ocrx_word' id='word_1_265' title='bbox 937 2932 1078 3000; x_wconf 77' lang='lat' dir='ltr'><strong>ceciditque.</strong></span> 
     </span>
     <span class='ocr_line' id='line_1_29' title="bbox 141 2992 1077 3060; baseline -0.009 -18"><span class='ocrx_word' id='word_1_266' title='bbox 141 3009 168 3042; x_wconf 79' lang='lat' dir='ltr'><strong>a.</strong></span> <span class='ocrx_word' id='word_1_267' title='bbox 185 2997 261 3044; x_wconf 78' lang='lat' dir='ltr'><strong>AEdes</strong></span> <span class='ocrx_word' id='word_1_268' title='bbox 272 2997 317 3057; x_wconf 83' lang='lat' dir='ltr'><strong>rljo</strong></span> <span class='ocrx_word' id='word_1_269' title='bbox 328 2999 428 3046; x_wconf 87' lang='lat' dir='ltr'><strong>Locutio</strong></span> <span class='ocrx_word' id='word_1_270' title='bbox 440 2999 508 3054; x_wconf 87' lang='lat' dir='ltr'><strong>sacta,</strong></span> <span class='ocrx_word' id='word_1_271' title='bbox 519 3013 565 3060; x_wconf 93' lang='lat' dir='ltr'><strong>quo</strong></span> <span class='ocrx_word' id='word_1_272' title='bbox 582 2999 634 3044; x_wconf 86' lang='lat' dir='ltr'><strong>loco</strong></span> <span class='ocrx_word' id='word_1_273' title='bbox 652 3005 706 3044; x_wconf 88' lang='lat' dir='ltr'><strong>ante</strong></span> <span class='ocrx_word' id='word_1_274' title='bbox 724 2997 812 3044; x_wconf 86' lang='lat' dir='ltr'><strong>Urbem</strong></span> <span class='ocrx_word' id='word_1_275' title='bbox 831 3002 921 3053; x_wconf 82' lang='lat' dir='ltr'><strong>captant</strong></span> <span class='ocrx_word' id='word_1_276' title='bbox 941 3005 988 3038; x_wconf 85' lang='lat' dir='ltr'><strong>vox</strong></span> <span class='ocrx_word' id='word_1_277' title='bbox 999 2992 1077 3036; x_wconf 87' lang='lat' dir='ltr'><strong>audita</strong></span> 
     </span>
     <span class='ocr_line' id='line_1_30' title="bbox 143 3058 1078 3118; baseline -0.009 -14"><span class='ocrx_word' id='word_1_278' title='bbox 143 3065 200 3114; x_wconf 89' lang='lat' dir='ltr'><strong>erat,</strong></span> <span class='ocrx_word' id='word_1_279' title='bbox 211 3060 334 3107; x_wconf 85' lang='lat' dir='ltr'><strong>adventare</strong></span> <span class='ocrx_word' id='word_1_280' title='bbox 347 3061 433 3109; x_wconf 90' lang='lat' dir='ltr'><strong>Gallos.</strong></span> <span class='ocrx_word' id='word_1_281' title='bbox 467 3061 562 3108; x_wconf 90' lang='lat' dir='ltr'><strong>Dictum</strong></span> <span class='ocrx_word' id='word_1_282' title='bbox 573 3067 618 3114; x_wconf 85' lang='lat' dir='ltr'><strong>est,</strong></span> <span class='ocrx_word' id='word_1_283' title='bbox 629 3061 657 3116; x_wconf 83' lang='lat' dir='ltr'><strong>ad</strong></span> <span class='ocrx_word' id='word_1_284' title='bbox 669 3058 741 3118; x_wconf 87' lang='lat' dir='ltr'><strong>Vejos</strong></span> <span class='ocrx_word' id='word_1_285' title='bbox 760 3059 903 3118; x_wconf 74' lang='lat' dir='ltr'><strong>migrandum</strong></span> <span class='ocrx_word' id='word_1_286' title='bbox 922 3067 974 3101; x_wconf 85' lang='lat' dir='ltr'><strong>esse</strong></span> <span class='ocrx_word' id='word_1_287' title='bbox 986 3061 1078 3112; x_wconf 85' lang='lat' dir='ltr'><strong>propter</strong></span> 
     </span>
     <span class='ocr_line' id='line_1_31' title="bbox 140 3115 1124 3184; baseline -0.009 -18"><span class='ocrx_word' id='word_1_288' title='bbox 140 3120 263 3166; x_wconf 87' lang='lat' dir='ltr'><strong>incensam</strong></span> <span class='ocrx_word' id='word_1_289' title='bbox 275 3126 299 3166; x_wconf 85' lang='lat' dir='ltr'><strong>et</strong></span> <span class='ocrx_word' id='word_1_290' title='bbox 309 3123 406 3171; x_wconf 88' lang='lat' dir='ltr'><strong>dirutam</strong></span> <span class='ocrx_word' id='word_1_291' title='bbox 418 3124 521 3172; x_wconf 89' lang='lat' dir='ltr'><strong>Urbem:</strong></span> <span class='ocrx_word' id='word_1_292' title='bbox 539 3138 576 3178; x_wconf 81' lang='lat' dir='ltr'><strong>ar,</strong></span> <span class='ocrx_word' id='word_1_293' title='bbox 588 3122 634 3169; x_wconf 69' lang='lat' dir='ltr'><strong>bc.</strong></span> <span class='ocrx_word' id='word_1_294' title='bbox 651 3121 719 3176; x_wconf 88' lang='lat' dir='ltr'><strong>Quod</strong></span> <span class='ocrx_word' id='word_1_295' title='bbox 731 3121 852 3166; x_wconf 90' lang='lat' dir='ltr'><strong>consilium</strong></span> <span class='ocrx_word' id='word_1_296' title='bbox 872 3115 969 3163; x_wconf 90' lang='lat' dir='ltr'><strong>Camillo</strong></span> <span class='ocrx_word' id='word_1_297' title='bbox 981 3122 1080 3184; x_wconf 73' lang='lat' dir='ltr'><strong>auctore</strong></span> <span class='ocrx_word' id='word_1_298' title='bbox 1121 3161 1124 3165; x_wconf 66' lang='grc'>,</span> 
     </span>
     <span class='ocr_line' id='line_1_32' title="bbox 142 3181 1076 3245; baseline -0.011 -17"><span class='ocrx_word' id='word_1_299' title='bbox 142 3181 273 3228; x_wconf 89' lang='lat' dir='ltr'><strong>discussum</strong></span> <span class='ocrx_word' id='word_1_300' title='bbox 286 3191 329 3229; x_wconf 88' lang='lat' dir='ltr'><strong>est.</strong></span> <span class='ocrx_word' id='word_1_301' title='bbox 362 3199 404 3232; x_wconf 81' lang='lat' dir='ltr'><strong>av.</strong></span> <span class='ocrx_word' id='word_1_302' title='bbox 421 3186 497 3233; x_wconf 85' lang='lat' dir='ltr'><strong>Movit</strong></span> <span class='ocrx_word' id='word_1_303' title='bbox 508 3187 619 3245; x_wconf 89' lang='lat' dir='ltr'><strong>populum</strong></span> <span class='ocrx_word' id='word_1_304' title='bbox 630 3183 695 3229; x_wconf 89' lang='lat' dir='ltr'><strong>vocis</strong></span> <span class='ocrx_word' id='word_1_305' title='bbox 707 3195 799 3242; x_wconf 88' lang='lat' dir='ltr'><strong>quoque</strong></span> <span class='ocrx_word' id='word_1_306' title='bbox 818 3193 887 3226; x_wconf 92' lang='lat' dir='ltr'><strong>omen</strong></span> <span class='ocrx_word' id='word_1_307' title='bbox 899 3192 928 3224; x_wconf 87' lang='lat' dir='ltr'><strong>cx</strong></span> <span class='ocrx_word' id='word_1_308' title='bbox 940 3182 1076 3223; x_wconf 81' lang='lat' dir='ltr'><strong>centurione</strong></span> 
     </span>
     <span class='ocr_line' id='line_1_33' title="bbox 142 3235 1075 3305; baseline -0.008 -17"><span class='ocrx_word' id='word_1_309' title='bbox 142 3243 236 3300; x_wconf 81' lang='lat' dir='ltr'><strong>auditae,</strong></span> <span class='ocrx_word' id='word_1_310' title='bbox 256 3243 505 3305; x_wconf 61' lang='lat' dir='ltr'><strong>animumanimum</strong></span> <span class='ocrx_word' id='word_1_311' title='bbox 523 3248 635 3298; x_wconf 82' lang='lat' dir='ltr'><strong>venissel,</strong></span> <span class='ocrx_word' id='word_1_312' title='bbox 653 3243 806 3303; x_wconf 82' lang='lat' dir='ltr'><strong>manipulariis</strong></span> <span class='ocrx_word' id='word_1_313' title='bbox 825 3241 873 3287; x_wconf 88' lang='lat' dir='ltr'><strong>suis</strong></span> <span class='ocrx_word' id='word_1_314' title='bbox 890 3240 987 3292; x_wconf 70' lang='lat' dir='ltr'><strong>eliserat,</strong></span> <span class='ocrx_word' id='word_1_315' title='bbox 1003 3243 1018 3264; x_wconf 91' lang='lat'><strong>“</strong></span> <span class='ocrx_word' id='word_1_316' title='bbox 1026 3235 1075 3288; x_wconf 85' lang='lat' dir='ltr'><strong>Sta,</strong></span> 
     </span>
    </p>

    <p class='ocr_par' dir='ltr' id='par_1_7' title="bbox 141 3300 1083 3408">
     <span class='ocr_line' id='line_1_34' title="bbox 142 3300 1083 3408; baseline -0.012 -54"><span class='ocrx_word' id='word_1_317' title='bbox 142 3311 158 3332; x_wconf 79' lang='lat'><strong>‘⁶</strong></span> <span class='ocrx_word' id='word_1_318' title='bbox 168 3306 251 3408; x_wconf 48' lang='grc' dir='ltr'><strong>ῃέἰῖῐεες</strong></span> <span class='ocrx_word' id='word_1_319' title='bbox 268 3300 311 3353; x_wconf 90' lang='lat' dir='ltr'><strong>hic</strong></span> <span class='ocrx_word' id='word_1_320' title='bbox 321 3306 408 3368; x_wconf 71' lang='lat' dir='ltr'><strong>optime</strong></span> <span class='ocrx_word' id='word_1_321' title='bbox 419 3310 591 3357; x_wconf 83' lang='lat' dir='ltr'><strong>manebimus.”</strong></span> <span class='ocrx_word' id='word_1_322' title='bbox 618 3313 678 3364; x_wconf 71' lang='lat' dir='ltr'><strong>[cnr.</strong></span> <span class='ocrx_word' id='word_1_323' title='bbox 689 3323 770 3352; x_wconf 79' lang='lat' dir='ltr'><strong>r-er.</strong></span> <span class='ocrx_word' id='word_1_324' title='bbox 791 3322 812 3352; x_wconf 86' lang='lat' dir='ltr'><strong>u.</strong></span> <span class='ocrx_word' id='word_1_325' title='bbox 822 3309 960 3350; x_wconf 67' lang='lat' dir='ltr'><strong>eae-em.</strong></span> <span class='ocrx_word' id='word_1_326' title='bbox 980 3320 1000 3346; x_wconf 78' lang='lat' dir='ltr'><strong>u</strong></span> <span class='ocrx_word' id='word_1_327' title='bbox 1009 3317 1030 3345; x_wconf 88' lang='lat' dir='ltr'><strong>c.</strong></span> <span class='ocrx_word' id='word_1_328' title='bbox 1039 3305 1083 3344; x_wconf 82' lang='lat' dir='ltr'><strong>tuo</strong></span> 
     </span>
     <span class='ocr_line' id='line_1_35' title="bbox 141 3385 213 3407; baseline 0 0"><span class='ocrx_word' id='word_1_329' title='bbox 141 3385 166 3398; x_wconf 79' lang='lat'><strong>&#39;¹⁸</strong></span> <span class='ocrx_word' id='word_1_330' title='bbox 206 3391 213 3407; x_wconf 80' lang='lat' dir='ltr'><strong>e</strong></span> 
     </span>
    </p>
   </div>
   <div class='ocr_carea' id='block_1_6' title="bbox 142 3559 1078 3871">
    <p class='ocr_par' dir='ltr' id='par_1_8' title="bbox 142 3559 1078 3871">
     <span class='ocr_line' id='line_1_36' title="bbox 180 3559 1078 3636; baseline -0.003 -16"><span class='ocrx_word' id='word_1_331' title='bbox 180 3561 291 3622; x_wconf 89' lang='lat' dir='ltr'>XXVI.</span> <span class='ocrx_word' id='word_1_332' title='bbox 322 3563 449 3623; x_wconf 80' lang='lat' dir='ltr'><strong>comitiis</strong></span> <span class='ocrx_word' id='word_1_333' title='bbox 461 3564 632 3624; x_wconf 87' lang='lat' dir='ltr'><strong>tribunorum</strong></span> <span class='ocrx_word' id='word_1_334' title='bbox 656 3564 773 3622; x_wconf 89' lang='lat' dir='ltr'><strong>militum</strong></span> <span class='ocrx_word' id='word_1_335' title='bbox 792 3563 888 3622; x_wconf 85' lang='lat' dir='ltr'><strong>Patres</strong></span> <span class='ocrx_word' id='word_1_336' title='bbox 901 3559 1009 3619; x_wconf 73' lang='lat' dir='ltr'><strong>summai</strong></span> <span class='ocrx_word' id='word_1_337' title='bbox 1022 3577 1078 3636; x_wconf 87' lang='lat' dir='ltr'><strong>ope</strong></span> 
     </span>
     <span class='ocr_line' id='line_1_37' title="bbox 142 3637 1074 3716; baseline -0.004 -19"><span class='ocrx_word' id='word_1_338' title='bbox 142 3638 292 3709; x_wconf 87' lang='lat' dir='ltr'><strong>evicerunt,</strong></span> <span class='ocrx_word' id='word_1_339' title='bbox 307 3653 338 3700; x_wconf 85' lang='lat' dir='ltr'><strong>nt</strong></span> <span class='ocrx_word' id='word_1_340' title='bbox 351 3641 391 3699; x_wconf 86' lang='lat' dir='ltr'><strong>bt.</strong></span> <span class='ocrx_word' id='word_1_341' title='bbox 407 3643 508 3702; x_wconf 84' lang='lat' dir='ltr'><strong>Furius</strong></span> <span class='ocrx_word' id='word_1_342' title='bbox 529 3643 664 3700; x_wconf 88' lang='lat' dir='ltr'><strong>Camillus</strong></span> <span class='ocrx_word' id='word_1_343' title='bbox 686 3654 834 3701; x_wconf 88' lang='lat' dir='ltr'><strong>crearetur.</strong></span> <span class='ocrx_word' id='word_1_344' title='bbox 875 3639 989 3716; x_wconf 87' lang='lat' dir='ltr'><strong>Propter</strong></span> <span class='ocrx_word' id='word_1_345' title='bbox 1002 3637 1074 3694; x_wconf 88' lang='lat' dir='ltr'><strong>bella</strong></span> 
     </span>
     <span class='ocr_line' id='line_1_38' title="bbox 142 3716 1075 3798; baseline -0.003 -24"><span class='ocrx_word' id='word_1_346' title='bbox 142 3717 309 3776; x_wconf 87' lang='lat' dir='ltr'><strong>simulabant</strong></span> <span class='ocrx_word' id='word_1_347' title='bbox 321 3721 411 3795; x_wconf 83' lang='lat' dir='ltr'><strong>parari</strong></span> <span class='ocrx_word' id='word_1_348' title='bbox 425 3721 545 3790; x_wconf 90' lang='lat' dir='ltr'><strong>duccm;</strong></span> <span class='ocrx_word' id='word_1_349' title='bbox 576 3722 624 3777; x_wconf 87' lang='lat' dir='ltr'><strong>sed</strong></span> <span class='ocrx_word' id='word_1_350' title='bbox 649 3720 787 3798; x_wconf 81' lang='lat' dir='ltr'><strong>largitioni</strong></span> <span class='ocrx_word' id='word_1_351' title='bbox 810 3717 966 3777; x_wconf 76' lang='lat' dir='ltr'><strong>tribuniciae</strong></span> <span class='ocrx_word' id='word_1_352' title='bbox 980 3716 1075 3774; x_wconf 86' lang='lat' dir='ltr'><strong>adver·</strong></span> 
     </span>
     <span class='ocr_line' id='line_1_39' title="bbox 142 3793 1074 3871; baseline -0.002 -20"><span class='ocrx_word' id='word_1_353' title='bbox 142 3794 230 3853; x_wconf 76' lang='lat' dir='ltr'><strong>sarius</strong></span> <span class='ocrx_word' id='word_1_354' title='bbox 250 3797 429 3871; x_wconf 76' lang='lat' dir='ltr'><strong>quaerebatur.</strong></span> <span class='ocrx_word' id='word_1_355' title='bbox 479 3799 552 3856; x_wconf 91' lang='lat' dir='ltr'><strong>Cum</strong></span> <span class='ocrx_word' id='word_1_356' title='bbox 573 3797 692 3858; x_wconf 89' lang='lat' dir='ltr'><strong>Camillo</strong></span> <span class='ocrx_word' id='word_1_357' title='bbox 717 3798 802 3857; x_wconf 87' lang='lat' dir='ltr'><strong>creati</strong></span> <span class='ocrx_word' id='word_1_358' title='bbox 827 3797 931 3855; x_wconf 90' lang='lat' dir='ltr'><strong>tribuni</strong></span> <span class='ocrx_word' id='word_1_359' title='bbox 957 3793 1074 3854; x_wconf 86' lang='lat' dir='ltr'><strong>rnilitum</strong></span> 
     </span>
    </p>
   </div>
   <div class='ocr_carea' id='block_1_7' title="bbox 0 0 1324 4206">
    <p class='ocr_par' dir='ltr' id='par_1_9' title="bbox 0 0 1324 4206">
     <span class='ocr_line' id='line_1_40' title="bbox 0 0 1324 4206; baseline 0 6"><span class='ocrx_word' id='word_1_360' title='bbox 0 0 1324 4206; x_wconf 95' lang='lat' dir='ltr'><strong> </strong></span> 
     </span>
    </p>
   </div>
  </div>
 </body>
</html>
