2620 4200
163 365 222 424 244
544 365 611 415 'l'l'l'l
627 365 705 415 mvn

203 505 344 564 XXXlX.
365 507 514 566 Claudiurn
527 511 678 580 consulem,
693 509 844 585 profectum
864 507 977 566 tandem
996 505 1031 562 ab
1043 506 1101 565 Ur·

165 586 209 653 be,
224 585 293 642 inter
305 597 399 660 portus
412 587 552 646 Cosanum
575 589 815 660 Lauretanumque
828 595 906 643 atrox
924 585 966 641 tis
977 595 1098 660 tempea-

164 663 228 720 tatis
241 663 335 720 adorta
349 665 377 720 in
396 677 499 722 metum
523 666 664 742 ingentem
678 665 800 722 adduxit.
841 663 1006 738 Populonios
1028 664 1097 720 inde

163 757 246 814 quum
261 742 440 815 pervenisset,
454 743 628 818 stetissetque
650 744 696 814 ibi,
717 744 784 798 dum
801 741 935 815 reliquum
948 750 1095 816 tempesta-

163 818 198 874 tis
211 819 363 885 enecabat,
379 819 465 876 Ilvam
480 822 607 888 insulam,
619 833 648 878 et
660 822 695 878 ab
709 819 933 885 tuscanicum,
947 838 965 874 a
976 818 1094 876 Corsici
1114 828 1130 868 ⁵

162 895 191 952 in
224 897 379 954 Sardiniam
406 900 522 975 trajecit.
575 900 620 956 Ibi
640 910 813 974 superantem
839 897 956 953 Insanos
976 907 1091 967 moines,

162 971 248 1030 multb
267 986 294 1030 et
307 976 403 1033 saetior
424 989 452 1034 et
476 977 661 1034 infestioribus
675 977 743 1034 locis
756 987 903 1050 tempestas
924 975 1017 1030 adorta
1040 975 1093 1030 dis·

160 1052 228 1127 jecit
241 1052 365 1110 classem.
407 1053 502 1111 Multae
515 1066 649 1129 quassate
663 1053 892 1127 armamentisque
914 1052 1032 1126 spoliate
1045 1071 1094 1108 na·

163 1147 226 1186 vest
247 1132 371 1204 quaedam
385 1133 486 1188 fractae.
527 1134 570 1189 Ita
583 1144 679 1189 vexata
692 1151 725 1189 ac
739 1133 857 1188 lacerata
871 1131 968 1187 classis
979 1130 1100 1186 Carales

162 1209 271 1264 tenuit:
291 1209 338 1266 ubi
352 1211 417 1265 dnm
432 1211 574 1268 subducte
588 1211 748 1268 reficiuntur
766 1227 858 1276 naves,
883 1209 1095 1290 hiemsoppres·
1105 1217 1129 1254 1⁰

162 1286 216 1342 sit:
249 1287 501 1363 circumactumque
524 1289 590 1345 anni
610 1301 738 1364 tempus;
758 1299 809 1354 et,
830 1287 905 1343 nullo
932 1296 1094 1360 prorogante

162 1364 317 1438 imperium,
337 1367 458 1440 privatus
481 1367 527 1423 Ti.
542 1367 676 1423 Claudius
696 1368 812 1423 classem
833 1366 952 1422 Romam
972 1365 1092 1420 reduxit.

162 1441 204 1498 M.
220 1443 360 1512 Servilius,
374 1463 409 1500 ne
433 1444 605 1502 comitiorum
627 1446 711 1502 carisi
732 1446 766 1500 ad
786 1443 890 1500 Urbem
911 1451 1092 1512 revocaretur,

62 1549 72 1561 =
162 1519 295 1577 dictatore
316 1522 391 1578 dicto
404 1522 438 1578 Ο.
453 1523 567 1580 Servilio
588 1524 714 1592 Gemino,
739 1524 772 1578 in,
781 1521 949 1597 provinciam
972 1531 1014 1576 est
1031 1539 1096 1593 pro-1

163 1598 261 1656 fectus.
314 1599 438 1656 Dictator
468 1602 627 1676 magistrum
657 1601 779 1675 equitum
800 1601 831 1656 P.
852 1599 957 1655 AElium
989 1597 1091 1653 Paetum
1102 1606 1130 1646 1⁵

162 1677 239 1734 dixit.
281 1678 362 1752 Saepe
376 1679 487 1735 comitia
507 1681 611 1736 indicta
634 1680 728 1753 perlici
750 1687 925 1751 tempestates
948 1675 1094 1749 prohibue-

162 1763 245 1809 runt:
266 1754 365 1828 itaque,
379 1775 463 1828 quum
478 1758 564 1829 pridie
584 1757 646 1812 idus
669 1756 783 1811 Martias
807 1765 912 1810 veteres
933 1752 1096 1826 magistratu

162 1829 293 1898 abissent,
308 1832 370 1887 novi
384 1834 491 1888 sull'ecti
506 1853 561 1889 non
575 1843 675 1902 essent,
699 1831 855 1906 respublica
875 1830 937 1887 sine
951 1830 1096 1886 curulibus

161 1909 367 1984 magistratibus
386 1921 451 1967 erat.
491 1911 527 1966 T.
543 1911 664 1966 Manlius
678 1907 835 1983 Torquatus
857 1908 980 1981 pontifex
1000 1927 1034 1963 eo
1047 1927 1095 1963 an·

163 2003 200 2043 no
213 1999 352 2043 mortuus:
385 1989 414 2043 in
437 1989 527 2044 locum
551 1990 610 2062 ejus
632 1989 762 2045 suffectus
786 1987 820 2042 C.
835 1986 974 2059 Sulpicius
995 1985 1127 2042 Galbam

163 2065 211 2120 Ab
224 2065 256 2119 L.
268 2064 382 2141 Licinio
394 2066 513 2122 Lucullo
523 2076 551 2120 et
563 2066 601 2124 Q.
617 2065 714 2120 Fulvio
734 2065 859 2122 edilibus
880 2063 1022 2118 curulibus
1035 2061 1093 2119 ludi
1127 2109 1130 2112 .

163 2142 285 2198 Romani
299 2153 339 2197 ter
353 2143 401 2198 toti
415 2143 566 2200 instaurati.
607 2142 756 2198 Pecuniam
772 2161 806 2198 ex
822 2137 917 2197 aerario
938 2140 1035 2195 scribae
1057 2141 1094 2196 vi·

164 2229 306 2292 nitoresque
327 2219 435 2275 aedilicii
463 2221 535 2276 clam
561 2221 695 2294 egessisse
722 2238 770 2295 per
799 2219 920 2275 indicem
948 2219 1092 2291 comperti,

164 2297 286 2352 damnati
308 2308 384 2364 sum,-
404 2317 459 2355 non
481 2299 540 2354 sine
555 2299 668 2354 infamiis
681 2297 791 2354 Luculli
812 2297 906 2352 aedilis.
947 2295 978 2352 P.
1000 2296 1094 2352 AElius
1155 2359 1157 2362 ,

162 2369 280 2432 Tubero
290 2386 318 2431 et
331 2376 362 2430 L.
378 2375 518 2446 Laetorius,
534 2375 626 2432 aediles
639 2377 726 2449 plebis
744 2376 808 2432 vitio
821 2375 915 2438 creati,
930 2373 1126 2446 magistratu&

162 2465 193 2509 se
206 2455 377 2524 abdiorlrunt,
387 2472 470 2528 quum
482 2454 561 2510 ludos
571 2454 750 2526 ludorumque
761 2455 843 2509 causi
855 2452 965 2526 epulum
977 2451 1039 2506 Jovi
1053 2451 1091 2506 fe·
1152 2477 1154 2480 ·

163 2525 275 2608 cissent,
288 2540 316 2587 et
327 2531 408 2604 signa
421 2533 472 2587 tria
485 2551 519 2588 ex
533 2532 684 2588 multaticio
697 2543 810 2608 argento
825 2530 897 2586 lacta
911 2530 939 2584 in
953 2529 1090 2602 Capitolio

162 2608 325 2682 posuissent.
366 2609 492 2675 Cerealia
505 2610 584 2666 ludos
597 2609 713 2666 dictator
735 2620 763 2664 e't
776 2607 905 2682 magister
918 2607 1088 2681 equitum‘ex

163 2686 409 2762 scheibe-consulto
421 2686 553 2742 fecerunt.
877 2703 879 2713 ·

168 2871 172 2884 ¹
201 2843 264 2900 xi..
293 2844 389 2922 Legat-i
407 2863 443 2903 ex
456 2845 551 2902 Airicel
564 2845 685 2902 Romani
699 2845 778 2901 simul
793 2844 1126 2918 Carthaginiensesque&

162 2939 247 2996 quum
261 2924 400 2980 venissent
413 2925 542 2989 Romam,
557 2935 668 2980 senatus
689 2925 724 2980 ad
739 2924 825 2978 aedom
839 2923 959 2978 Bellonae
982 2921 1092 2975 habitus

161 3011 219 3057 cst:
240 3001 287 3058 ubi
301 3021 384 3075 quum
399 3002 429 3058 L.
445 3001 575 3058 Veturius
589 3001 676 3068 Philo,
699 3012 849 3076 pugnatum
863 3018 926 3056 cum
948 2997 1092 3052 Hanniba-

161 3079 189 3135 le
201 3097 262 3136 esse
275 3080 402 3154 supremi
416 3079 691 3154 Carthaginiensibus
710 3082 812 3154 pugni,
828 3079 964 3149 finemque
977 3073 1091 3130 tandem

162 3157 272 3231 lugubri
287 3158 357 3214 bello
371 3159 536 3232 impositum,
551 3158 656 3232 ingenti
670 3157 762 3214 laetitid
776 3157 886 3212 Patrurn
900 3151 1070 3227 exposuisset
1082 3171 1090 3220 3

163 3235 276 3310 adjecit,'
288 3234 448 3292 Verminam
461 3236 553 3306 etiam,
576 3236 710 3310 Syphacis
732 3235 826 3303 filium,
850 3248 910 3305 quae
923 3247 1007 3306 parva
1019 3229 1090 3285 bend
1099 3238 1126 3281 35

162 3323 247 3390 gestae
261 3311 301 3368 rei
315 3315 438 3371 accessio
458 3324 525 3388 erat,
546 3315 702 3376 devictum:
733 3313 761 3370 in
776 3309 937 3368 concionem
952 3308 1016 3365 inde
1030 3325 1093 3381 pro-

162 3392 222 3449 dire
233 3391 334 3466 jussus,
348 3393 533 3468 gaudiumque
547 3392 574 3448 id
585 3389 837 3468 populoimpertire.
878 3387 954 3444 Tum
968 3387 1090 3460 patuere,

162 3469 237 3528 facti
248 3471 438 3544 gratulatione,
449 3471 542 3526 omnia
555 3470 584 3526 in
607 3469 674 3526 iirbe
692 3467 802 3543 templa,
825 3465 1091 3541 supplicationesque

163 3545 192 3602 in
207 3547 326 3604 triduum
340 3549 467 3604 decretae.
508 3548 619 3622 Legatis
633 3545 903 3622 Carthaginiensium
923 3553 951 3600 et
971 3539 1090 3615 Philippi

163 3622 237 3696 regis
259 3623 334 3698 (nam
351 3623 369 3680 ii
390 3641 495 3697 quoque
520 3627 662 3702 venerant)
686 3624 850 3700 petentibus,
864 3631 1020 3677 aasenatas
1039 3617 1125 3676 sibit·

163 3699 283 3770 daretur,
297 3719 456 3776 responsum
469 3702 545 3776 jussu
567 3702 679 3758 Petrum
701 3704 735 3759 ab
748 3703 882 3758 dictatore
894 3710 944 3768 est,
965 3696 1093 3755 consules

163 3793 250 3832 novos
260 3778 301 3834 eis
314 3788 438 3835 senatum
453 3780 564 3836 daturos
577 3799 645 3837 esse.
686 3779 805 3838 Comitia
817 3777 883 3834 inde
899 3777 1008 3834 habita:
1034 3790 1093 3830 cre·
1139 3831 1141 3836 ,
