2622 4194
160 341 202 400 '18
517 351 520 360 '
538 340 605 390 'rm
621 333 704 390 lell

164 478 203 536 tio‘
216 479 265 535 viri
284 488 312 536 et
331 495 545 555 perorpraeseus
565 478 724 539 nobiliturit.
764 481 889 542 Consilio
907 481 990 544 etism
1003 483 1089 542 unlus

164 555 283 612 hominis
303 557 397 614 addite
418 558 458 614 rei
479 558 579 616 dicitur
590 559 680 616 fides:
707 577 825 633 nemque
838 560 973 618 Proculus
986 561 1089 634 Julius,

164 632 281 689 sollicitd
293 633 403 690 civitate
425 635 563 692 desiderio
584 635 666 710 regis,
687 647 718 698 ,et
739 637 846 694 inlonsd
867 638 1004 706 Patribus,
1022 657 1092 714 gru-

163 708 214 780 vis,
227 721 257 766 ut
270 711 393 783 traditur,
410 713 534 785 quemvis
557 731 663 787 magne
686 714 726 770 rei
749 715 902 780 suetonio
925 717 1088 774 concionem

163 787 260 859 prodit.
302 789 492 864 “Romulus''¹
506 791 604 864 inquit,
622 800 640 826 “
648 790 784 858 Quirites,
796 809 896 866 puseus
909 793 986 850 urbis
998 793 1089 870 hujus,
1109 805 1123 844 ὅ

164 865 280 937 “primi
292 866 424 924 hodierne
444 866 508 924 luce
529 868 599 925 coelo
618 868 730 942 repente
753 869 890 943 delapsus,
912 889 942 927 se
964 870 1032 928 rmhi
1044 873 1091 928 ob-

164 943 183 977 “
194 943 267 999 vium
281 944 372 1002 dedite
392 963 485 1017 quum,
498 945 623 1019 pertusus
636 946 746 1002 horrore
759 947 1030 1022 uenerabundusque,
1044 949 1094 1004 ad-

131 1027 132 1030 ’
164 1018 330 1091 “stitissem,
351 1031 447 1094 petens
471 1022 609 1096 precibus,
634 1033 664 1078 ut
688 1024 784 1080 contri
809 1023 909 1080 iruueri
935 1025 976 1082 fus
1000 1021 1115 1094 esset3'

164 1095 276 1164 “‘Abi,
298 1098 414 1168 nuntie,'
439 1099 537 1172 inquit,
562 1100 726 1166 ‘Romanis
747 1101 881 1159 Coelestes
904 1101 942 1158 ite
961 1103 1039 1168 velle,
1062 1113 1092 1160 ut

164 1173 182 1206 ‘¹
194 1175 201 1207 ‘
211 1193 273 1230 mes
284 1175 377 1231 Romu
389 1187 471 1250 ceput
484 1177 558 1234 orbis
570 1189 704 1234 terrarum
718 1177 768 1234 rit:
797 1179 914 1252 proinde
922 1197 981 1236 rem
994 1181 1093 1236 milite·
1101 1192 1125 1232 ro

164 1251 182 1284 ‘³
193 1253 269 1310 ‘rem
282 1252 388 1320 colant:
409 1253 561 1327 sciuntque,
575 1265 603 1311 et
616 1254 654 1310 ita
666 1253 783 1328 posteris
793 1256 912 1322 tradent,
924 1257 1013 1313 nullus
1025 1275 1094 1332 opes

164 1329 182 1362 “
194 1331 202 1364 ‘
212 1330 346 1388 humanus
358 1330 442 1386 ermis
454 1331 730 1396 Romanisresistere
743 1332 842 1405 posse.'
882 1333 981 1400 Hmc,”
995 1334 1091 1408 inquit,

164 1408 183 1440 “
193 1407 312 1479 locutus,
326 1407 450 1464 sublimis
463 1408 559 1464 abiit.''
600 1408 714 1474 Mirum,
735 1420 868 1482 quantum
882 1410 920 1467 illi
934 1411 1001 1477 viro,
1021 1429 1092 1468 uun·

164 1485 245 1541 tiunti
257 1486 327 1551 haec,
341 1484 405 1540 fidei
420 1484 516 1554 suerit3
546 1487 682 1560 quemque
703 1487 870 1546 desiderium
891 1487 1006 1544 Romuli
1019 1491 1093 1563 opud

164 1562 274 1636 plebem
287 1561 503 1636 exercitumque,
525 1563 598 1620 fecte
617 1563 672 1619 fide
686 1563 905 1632 immortulitatis,
918 1564 1034 1622 lenitum
1048 1567 1092 1624 sit.
1103 1579 1128 1619 1⁵

145 1682 158 1757 ’l
203 1719 301 1776 XVII.
321 1719 433 1777 Petrum
446 1721 556 1779 interim
569 1721 675 1778 animos
688 1729 827 1778 certamen
848 1720 927 1795 regni
947 1739 980 1778 ec
993 1722 1095 1797 cupido

166 1797 308 1854 versabat:
336 1798 468 1854 necdum
482 1799 636 1872 asingulis‚
658 1799 723 1872 quis
744 1815 827 1856 nemo
840 1815 1015 1872 magnopere
1027 1800 1096 1856 emi·

166 1876 250 1932 nebat
262 1874 291 1930 in
305 1893 375 1932 novo
397 1876 506 1950 populo,
519 1885 702 1949 peruenerant
714 1875 866 1932 factiones:
899 1876 970 1932 inter
983 1875 1093 1934 ordines
1140 1907 1149 1940 ς

166 1952 330 2010 certabatur.
370 1951 489 2010 Oriundi
503 1954 537 2008 ab
560 1952 681 2022 Sabinis,
701 1969 748 2018 ue,
768 1951 833 2026 quis
854 1963 915 2026 post
934 1951 1011 2009 'ratu
1024 1972 1095 2011 mor·
1132 1957 1147 1987 Ψ

166 2040 223 2086 tem
236 2029 270 2084 ab
284 2033 333 2086 sud
345 2040 420 2103 parte
434 2049 490 2086 non
503 2040 561 2086 eret
573 2040 727 2104 regnatum,
748 2029 778 2086 iu
801 2029 932 2086 societate
945 2030 1023 2103 aequd
1035 2038 1128 2104 pos-2⁰

167 2106 317 2163 sessionem
330 2107 437 2180 imperii
451 2107 616 2173 amitterent,
630 2107 672 2163 sui
695 2106 815 2182 corporis
835 2107 923 2164 creari
943 2125 1037 2182 regern
1050 2125 1096 2166 vo-

166 2185 277 2240 lebant·
309 2183 431 2241 Romani
445 2195 550 2242 veteres
563 2185 737 2259 peregrinum
748 2185 1095 2260 rogemedspernsbuntur.

168 2259 202 2318 Iu
216 2260 298 2318 variis
311 2261 504 2332 voluntatibus,
519 2263 627 2337 regnari
641 2274 732 2319 tamen
741 2272 850 2319 'omues
867 2261 1002 2330 volebant,
1015 2261 1098 2320 liber·
1141 2259 1152 2314 ἶ,

168 2339 231 2396 totis
245 2338 392 2395 dulcedine
406 2340 529 2396 nondum
542 2343 661 2414 experti.
703 2339 801 2395 Timor
822 2337 923 2394 deinde
948 2339 1042 2395 Patres
1056 2340 1096 2396 iu·

169 2417 262 2482 cessit,
276 2435 312 2472 ne
326 2416 465 2472 civitatem
478 2417 538 2473 sine
556 2417 679 2488 irnperio,
694 2415 846 2471 exercitum
859 2414 1013 2486 sineduoe,
1028 2418 1129 2474 mul-⁵³⁵

168 2503 259 2548 tarum
277 2491 352 2546 circi
371 2491 522 2547 civitatium
545 2491 656 2548 irritatis
676 2491 783 2562 animis,
804 2491 845 2549 vis
870 2492 961 2566 eliqua
982 2503 1098 2551 externe
1153 2537 1157 2567 ·.

170 2568 336 2628 adoriretur:
357 2577 385 2624 et
397 2587 458 2624 esse
472 2568 554 2642 igitur
568 2568 676 2642 aliquod
697 2579 781 2642 ceput
802 2569 928 2644 placebat
936 2585 948 2638 ;·
972 2580 1001 2626 et
1014 2589 1096 2629 nemo

170 2646 248 2705 alteri
267 2645 421 2702 concedere
444 2645 473 2702 in
493 2646 616 2704 animum
640 2646 798 2704 inducebat.
837 2647 881 2702 Ita
899 2666 958 2704 rem
978 2648 1049 2705 inter
1066 2667 1096 2706 se

170 2734 284 2782 centum
297 2721 401 2790 Patres,
415 2723 513 2780 decern
526 2723 646 2780 decuriis
666 2723 755 2790 sactis,
779 2723 947 2798 singulisque
960 2725 992 2781 in
1003 2727 1097 2801 singu·

169 2803 210 2860 las
235 2800 361 2858 decurias
386 2801 494 2872 crectis,
521 2801 566 2874 qui
592 2820 705 2856 summae
731 2819 822 2858 rerum
847 2813 1004 2876 preessent,
1032 2808 1129 2861 con-³⁰

170 2880 294 2944 socient:
326 2879 423 2934 decem
449 2878 657 2952 imperitsbout3
690 2897 763 2934 uuus
785 2897 849 2934 cum
872 2879 1028 2954 insignibus
1047 2881 1097 2938 im·

169 2957 240 3034 perii
262 2966 290 3012 et
309 2956 450 3014 lictoribus
470 2966 544 3012 erut:
576 2955 696 3028 quinque
718 2955 825 3012 dierum
845 2957 932 3030 spatio
952 2957 1130 3030 liniebatur}
1166 3007 1171 3031 χ

172 3033 326 3108 imperium,
340 3052 373 3090 ac
385 3052 433 3108 per
453 3052 549 3090 omnes
567 3031 596 3089 in
616 3033 711 3090 orbem
723 3033 798 3090 ibat:
825 3051 1001 3107 annuumque
1014 3033 1098 3090 inter·
1111 3060 1125 3102 ,ο
1140 3071 1143 3078 ⁴

173 3111 276 3168 uallum
289 3111 367 3184 regni
380 3110 438 3167 fuit.
479 3111 514 3166 Id
527 3111 561 3166 ab
578 3129 607 3166 re
628 3109 713 3187 (quod
734 3129 810 3167 nuuc
830 3129 937 3184 quoque
960 3121 1036 3166 tenet
1048 3115 1131 3176 no-,b

171 3187 248 3264 meu]
275 3187 462 3262 interregnum
488 3187 660 3262 appellatum.
719 3186 849 3244 Fremere
881 3188 982 3244 deiude
1010 3187 1097 3262 plebs,
1111 3227 1125 3254 ,

171 3265 380 3340 multiplicatam
394 3265 560 3331 servitutem,
584 3275 696 3322 centum
716 3283 764 3339 pro
785 3283 840 3321 uno
853 3265 979 3322 dominos
992 3264 1097 3322 factos:
1111 3259 1125 3330 [n

172 3365 227 3404 nec
240 3341 311 3402 ultre
323 3341 377 3398 nisi
390 3361 493 3418 regern,
514 3351 541 3398 et
561 3341 596 3400 ab
617 3342 683 3415 ipsis
703 3352 835 3408 creatum,
854 3342 1016 3399 videbantur
1035 3343 1130 3430 pus}

172 3423 238 3480 suri.
277 3419 376 3481 Quum
388 3420 537 3481 sensissent
549 3419 698 3498 semoveri
718 3417 823 3490 Patres,
842 3420 1013 3476 offerendum
1026 3419 1097 3479 ultro
1105 3432 1130 3451 ⁵

101 3527 103 3534 ,
173 3500 235 3566 ruti,
249 3499 321 3573 quod
335 3495 461 3560 amissuri
474 3505 561 3563 eraut,
575 3496 613 3552 ita
632 3496 747 3570 gratiam
770 3497 876 3562 ineunt,
890 3497 995 3552 summd
1009 3507 1098 3571 potes·

172 3587 230 3638 tute
243 3575 342 3651 populo
355 3573 495 3650 permissi,
509 3584 607 3631 utnon
621 3573 681 3647 plus
698 3575 794 3631 darent
805 3573 883 3648 juris,
896 3571 979 3648 quern
992 3574 1130 3632 detine-⁴⁰

174 3664 256 3714 rent:
276 3655 457 3712 decreverunt
469 3650 553 3717 enim,
569 3662 608 3717 ut,
619 3670 702 3724 quum
716 3651 832 3726 populus
851 3669 944 3725 regem
962 3651 1113 3726 jussisset,¹
1156 3683 1163 3702 ι

175 3732 204 3794 id
224 3731 270 3796 ,sio
294 3742 385 3792 retum
405 3737 488 3795 esset,
508 3730 531 3786 si
553 3729 648 3788 Patres
668 3739 793 3804 suctores
812 3727 925 3804 fierent:
952 3729 1114 3804 hodieque„
