2622 4194
167 349 206 418 ra
545 349 613 406 τιτι
628 353 706 403 nvn

164 507 215 556 unt
228 495 402 556 salutandum
414 517 421 556 ι
441 497 496 574 qui,
510 493 619 557 silentio
639 497 720 572 lacto,
741 495 861 556 monitus
881 515 897 554 a
911 495 1052 574 proximis,
1064 508 1096 556 ut

167 586 295 652 purgarat
320 595 359 647 se,
379 575 450 651 qudd
477 577 504 633 id
524 577 653 653 temporis
672 575 800 650 venisset,
826 575 1094 651 “disceptatorem''

167 653 214 720 tait,
228 659 246 691 “
257 671 288 711 se
300 667 438 730 sumptum
453 655 523 711 inter
536 667 639 730 patrem
654 663 681 710 et
694 653 797 710 lilium?
818 653 886 712 curd
896 653 1095 711 reconciliandi

166 733 185 766 ‘⁸
197 749 244 789 eos
264 733 292 789 in
312 733 427 808 gratiam
447 743 581 792 moratum
592 752 670 790 esse:
704 742 741 804 et,
754 731 819 806 quia
839 751 872 788 aa
892 751 935 788 res
948 731 1114 798 exemisset,

165 809 186 844 “
197 810 273 866 illum
286 811 370 877 diem,
383 822 491 886 postero
512 811 556 868 die
570 822 705 877 acturum,
722 829 782 884 quae
796 809 1008 868 constituisset''
1048 807 1094 866 Ne
1115 818 1127 858 ⁵

167 885 196 942 ld
209 888 319 962 quidem
334 889 368 943 ab
387 887 485 945 Turno
497 889 591 945 tulisse
612 889 726 945 taciturn
747 889 853 944 serunt:
886 887 988 944 dixisse
1008 886 1094 954 eninr,

166 965 308 1022 “Nullam
330 965 480 1024 breviorem
500 982 560 1022 esse
580 967 777 1040 cognitionem,
797 965 878 1038 quarn
900 964 970 1022 inter
989 976 1096 1039 patrem

166 1045 185 1076 ‘⁸
196 1054 224 1099 et
237 1043 333 1116 filium,
347 1044 496 1118 paucisque
509 1044 623 1120 transigi
636 1045 726 1101 verbis
739 1061 835 1118 posse:
866 1042 894 1102 ni
908 1053 1003 1119 pareat
1014 1041 1094 1118 patri,

167 1122 185 1156 “
196 1120 351 1177 habiturum
364 1121 543 1178 infortunium
556 1120 646 1178 esse.''

205 1275 253 1333 L‘l.
275 1275 346 1334 Haec
361 1277 492 1334 Aricinus
505 1278 533 1334 in
547 1295 641 1352 regem
655 1278 814 1334 Romanum
828 1276 975 1351 increpans
983 1295 1018 1332 ex
1031 1287 1128 1332 con-1⁰

166 1351 231 1410 cilio
244 1354 318 1412 abiit.
358 1355 454 1415 Quam
467 1375 525 1412 rem
539 1355 709 1430 Tarquinius
723 1354 870 1429 aliquanto,
884 1355 965 1428 quim
986 1353 1096 1410 videba-

164 1442 219 1503 tur,
233 1431 331 1506 aegrids
344 1431 443 1499 ferens,
457 1431 603 1490 confestim
617 1433 715 1490 Turno
728 1452 827 1489 necem
841 1431 1033 1489 machinatur:
1065 1441 1096 1488 ut

163 1510 295 1566 eumdem
322 1519 462 1579 terrorem,
488 1530 542 1585 quo
567 1511 670 1568 civium
696 1511 802 1567 animos
821 1510 896 1567 domi
915 1520 1095 1584 oppresserat,

166 1585 274 1643 Latinis
296 1587 438 1662 injiceret:
471 1600 500 1645 et
518 1589 583 1664 quia
603 1607 652 1664 pro
670 1588 784 1662 imperio
797 1587 885 1662 palam
900 1586 1019 1643 interfici
1039 1604 1095 1643 non

165 1673 279 1738 poterat,
293 1666 384 1724 oblato
407 1666 474 1722 salso
495 1667 611 1723 crimine
633 1666 770 1723 insontem
793 1667 936 1741 oppressit.
976 1665 1029 1722 Per
1050 1665 1129 1720 ad·1⁵

165 1757 251 1796 versas
265 1741 392 1798 factionis
405 1743 536 1816 quosdam
561 1743 690 1800 Aricinos
711 1761 819 1799 servum
840 1741 932 1800 Turni
953 1761 1019 1798 auro
1037 1761 1097 1799 cor·

164 1818 248 1892 rupit,
262 1829 293 1876 ut
305 1819 333 1876 in
348 1820 526 1878 diversorium
539 1821 598 1896 ejus
621 1821 675 1878 vim
689 1838 818 1895 magnam
833 1815 987 1895 gladiorum
1000 1818 1096 1876 inferri

166 1895 239 1954 clam
252 1896 369 1954 sineret:
390 1917 423 1954 ea
435 1917 521 1972 quum
534 1899 591 1956 und
603 1909 685 1956 nocte
698 1898 820 1974 perfecta
833 1907 934 1966 essent,
948 1897 1097 1971 Tarquini·

165 1989 209 2046 us,
221 1974 304 2050 paulo
318 1986 381 2032 ante
401 1977 492 2032 lucem
514 1977 610 2033 accitis
633 1977 667 2033 ad
687 1995 717 2032 se
740 1974 910 2052 principibus
923 1973 1097 2047 Latinorum,

165 2052 243 2124 quasi
256 2071 285 2109 re
299 2056 368 2109 nova
388 2055 569 2128 perturbatus,
594 2056 612 2091 “
623 2071 727 2112 moram
749 2071 827 2109 snam
840 2052 1007 2118 hesternam,
1022 2051 1129 2110 ventu

165 2127 318 2186 “Deorum
338 2132 457 2204 quddam
482 2131 654 2207 providentiis
679 2130 812 2204 illatam‚”
839 2129 885 2203 ait,
913 2129 1021 2186 “saluti
1043 2129 1095 2186 sibi

166 2208 277 2281 “atquc
303 2207 356 2264 illis
381 2209 481 2266 fuisse:
515 2210 549 2267 ab
575 2209 683 2276 Turno,
707 2209 771 2278 dici,
798 2208 851 2264 sibi
877 2219 905 2264 et
931 2207 1096 2283 primoribus

166 2287 184 2320 “
195 2285 356 2360 populorum
381 2287 470 2361 parari
490 2306 598 2360 necem,
618 2299 649 2344 ut
668 2287 829 2344 Latinorum
849 2285 923 2342 solus
949 2285 1095 2359 imperium

166 2365 296 2420 “teneat.
344 2365 546 2440 Aggressurum
574 2365 658 2420 luisse
684 2365 812 2419 hesterno
837 2363 883 2418 die
909 2363 938 2419 iu
959 2362 1094 2419 concilio:

165 2440 307 2497 “dilatam
326 2456 385 2497 rem
414 2461 483 2511 esso,
510 2440 582 2515 qudd
609 2451 703 2497 auctor
730 2439 840 2497 concilii
867 2440 993 2512 abfuerit,
1013 2451 1129 2514 quemffi

165 2518 313 2573 “maxime
327 2527 439 2592 peteret.
478 2519 549 2574 Inde
572 2518 646 2575 illam
668 2518 788 2575 absentis
811 2519 1020 2575 insectationem
1034 2537 1094 2574 esse

166 2598 298 2668 “natam,
318 2595 390 2670 qudd
411 2597 542 2652 morando
565 2615 642 2671 spem
663 2595 825 2653 destituerit
872 2596 938 2654 Non
958 2596 1093 2666 dubitare,

167 2677 186 2710 “
196 2672 219 2728 si
239 2691 303 2729 vera
321 2673 488 2740 deferantur,
502 2674 568 2747 quin
589 2673 677 2750 primi
697 2674 769 2746 luce,
783 2675 830 2730 ubi
852 2685 962 2730 ventum
986 2673 1014 2730 in
1029 2692 1094 2730 con·

166 2754 186 2788 “
196 2749 290 2806 cilium
311 2751 355 2816 sit,
376 2751 526 2808 instructus
549 2771 612 2808 cum
634 2752 836 2828 conjuratorum
857 2771 941 2808 manu
963 2762 1094 2808 armatus·

166 2833 248 2903 “que
269 2839 399 2885 venturus
424 2829 467 2885 sit.
518 2829 591 2901 Dici,
614 2830 768 2906 gladiorum
789 2830 931 2905 ingentem
948 2839 1127 2885 numerumttv

166 2913 186 2946 “
196 2925 256 2963 esse
276 2908 311 2963 ad
325 2925 390 2963 cum
410 2919 592 2965 convectum:
623 2909 651 2964 id
672 2927 774 2965 vanum
796 2927 886 2964 necne
899 2908 942 2976 sit,
956 2905 1094 2980 extemplo

165 2990 186 3024 “
196 2985 260 3040 sciri
272 3003 361 3059 posse.
400 2985 512 3060 Rogare
525 3005 581 3052 eos,
595 2997 625 3042 ut
638 2987 703 3042 inde
721 3004 814 3042 secum
829 2987 863 3041 ad
877 2985 1004 3042 Turnbm
1019 2983 1093 3039 veni·
1180 3038 1182 3044 ,

166 3063 269 3118 “aut'’
311 3064 472 3139 Suspectam
487 3063 552 3120 iecit
565 3082 621 3120 rem
642 3073 670 3120 et
693 3063 836 3139 ingenium
859 3061 950 3118 Turni
967 3059 1051 3126 ferox,
1065 3069 1093 3116 et

165 3139 254 3200 oratio
267 3142 404 3210 besterna,
418 3154 446 3200 et
459 3161 535 3198 mora
551 3141 712 3216 Tarquinii3
742 3138 814 3214 quod
828 3140 969 3196 videbatur
982 3138 1091 3195 obeam

167 3217 269 3276 differri
283 3220 374 3275 caedes
386 3221 515 3294 potuisse.
555 3220 630 3276 Eunt
643 3219 782 3276 inclinatis
795 3217 906 3292 quidem
929 3217 963 3273 ad
978 3214 1125 3272 creden-av

167 3299 232 3354 dum
254 3296 361 3363 animis,
383 3309 483 3369 tamen,
505 3298 558 3355 nisi
579 3295 677 3372 gladiis
697 3295 884 3366 deprehensis,
905 3304 1005 3351 caetera
1021 3311 1093 3350 vana

166 3373 356 3433 existimaturi.
395 3375 449 3432 Ubi
469 3385 510 3432 est
532 3372 565 3431 ed
588 3385 708 3441 ventum,
729 3374 857 3430 Turnum
878 3391 913 3429 ex
933 3390 1028 3429 somuo
1045 3389 1092 3430 ex·

167 3453 281 3511 citatum
306 3453 513 3509 circumsistunt
538 3453 683 3509 custodes:
714 3451 971 3526 comprehensisque
995 3450 1091 3522 servis,

167 3530 213 3604 qui
236 3531 348 3588 caritate
369 3529 472 3586 domini
490 3530 545 3586 vim
565 3529 707 3604 parabant,
730 3548 814 3603 quum
841 3528 926 3603 gladii
948 3527 1034 3584 abditi
1057 3547 1092 3585 ex

166 3607 294 3664 omnrbtrs
307 3609 375 3666 locis
388 3607 541 3663 diverticuli
554 3607 774 3682 protraherentur
786 3626 793 3674 ;
813 3607 953 3664 enimvero
964 3605 1123 3663 mahiloc-⁴⁰

167 3695 251 3740 taras
264 3686 330 3751 visa,
344 3685 508 3760 injectaeqne
522 3683 620 3741 Turno
633 3694 755 3740 catenae:
783 3693 811 3739 et
824 3683 968 3741 confestim
982 3683 1091 3740 Latino·
1158 3681 1166 3702 ¹

122 3804 129 3816 ,
166 3775 228 3818 rum
249 3763 398 3819 concilium
418 3779 519 3836 magno
541 3762 747 3819 cum'tumultu
770 3761 926 3821 advocatur.
966 3761 1010 3820 Ibi
1035 3771 1091 3822 tam
