2638 4206
155 349 210 408 162
376 344 444 395 'rm
459 341 542 394 tivit
558 339 658 394 trena
674 339 719 390 tx.
743 349 802 391 aaa.
812 351 862 390 xtx.

153 501 328 546 communem
341 485 447 543 hostem
456 486 529 542 ‘dues
544 483 745 560 potebtissimas
757 482 840 556 armis
858 479 976 553 virisque
995 474 1078 534 nrltes

152 573 277 629 armaret,
305 562 386 619 simul
413 562 519 619 Punico
549 563 730 634 Romanoque
758 561 874 618 obrutus
899 559 970 614 bello
995 563 1077 615 essct.

151 642 217 699 Non
229 641 339 715 quidem
354 640 513 698 Alexandro
526 641 608 706 duce,
629 658 682 695 nec
703 637 817 711 integris
838 636 1024 692 Macedonum
1037 653 1078 690 re·

152 719 210 788 bus,
225 719 273 780 sed
293 718 397 791 experti
418 729 509 773 tamen
540 728 604 773 sunt
623 717 744 773 Romani
766 711 949 770 Macedonem
971 715 1078 772 hostem

150 797 280 852 adversus
310 795 489 860 Antiochum,
512 794 677 868 Philippum,
698 794 810 857 Persen,
837 809 891 848 nea
913 789 993 846 modo
1013 799 1113 845 eum⁵

76 890 78 900 ’
150 874 229 930 clade
243 872 308 944 allai,
329 873 377 928 sed
391 891 427 928 ne
440 889 504 928 cum
518 872 640 947 periculo
658 871 768 944 quidem
782 888 839 926 suo.
883 869 962 924 Absit
976 867 1080 930 invidia

150 951 241 1020 verbo,
265 961 293 1006 et
312 950 404 1006 civilia
424 949 495 1005 bella
515 950 631 1006 sileant:
664 965 806 1020 nunquam
825 947 860 1002 ab
880 947 971 1018 equite
990 945 1077 1010 hoste,

150 1046 291 1101 nunquam
305 1045 321 1084 a
335 1028 434 1100 pedite,
453 1045 594 1100 nunquam
615 1029 707 1100 aperta
730 1025 804 1095 acie,
823 1025 964 1097 nunqnam
985 1022 1078 1096 aequis,
1157 1035 1161 1041 ·

149 1106 243 1179 utique
257 1123 398 1177 nunquam
412 1104 519 1174 nostris,
534 1104 602 1180 locis
614 1103 805 1159 laboravimus.
845 1101 983 1174 Equitem,
998 1099 1080 1173 sagit·

149 1193 200 1253 tas,
225 1182 309 1239 saltus
333 1181 486 1256 impeditos,
507 1182 567 1237 aria
580 1180 779 1237 commeatibus
798 1180 866 1247 loce,
887 1179 977 1252 gravis
997 1177 1114 1233 ernisto

150 1261 230 1317 miles
242 1259 340 1315 timore
358 1269 464 1332 potest:
492 1259 566 1315 mille
588 1259 672 1329 acies,
692 1258 829 1332 graviores
848 1258 929 1329 quim
950 1255 1081 1311 Macedo·

150 1356 218 1394 num
232 1345 312 1410 etque
326 1336 487 1401 Alexandri,
503 1335 615 1403 avertit;
637 1347 802 1408 avertetque,
816 1333 897 1390 modd
910 1335 945 1390 sit
955 1343 1081 1407 perpetu·

151 1433 184 1472 us
197 1414 355 1490 hujusque
369 1413 492 1482 visimus,
504 1414 581 1488 pacis
593 1432 670 1470 amor
683 1424 712 1470 et
724 1413 812 1470 civilis
832 1430 900 1468 oure
915 1409 1080 1468 concordiae.

453 1631 577 1670 EPITOME
590 1632 664 1670 LIBRI
677 1630 781 1670 DECIMI.

155 1689 159 1696 ’
176 1699 283 1736 Cotem
291 1697 379 1736 deducte
388 1702 434 1734 sunt
442 1697 498 1745 Sora,
510 1702 531 1734 et
544 1697 603 1745 Alba,
614 1703 634 1735 et
648 1696 741 1734 Carseoli.
767 1693 831 1734 blarsi'
841 1695 862 1734 in
875 1692 992 1734 deditionem
1005 1691 1083 1752 accepti

96 1788 99 1796 ἱ
152 1751 204 1784 sunt.
231 1745 285 1783 Colle
299 1746 339 1783 ium
348 1755 443 1794 augurum
452 1745 567 1792 ampliatum
575 1753 612 1792 est,
623 1751 645 1782 at
652 1751 717 1782 essent
725 1755 801 1792 novam,
811 1755 869 1793 quum
876 1749 934 1782 antea
941 1743 1030 1792 quaterni
1036 1744 1085 1781 surs-

153 1799 205 1832 sent.
230 1793 273 1832 Lex
282 1757 305 1832 ds
317 1792 455 1840 provocatione
464 1793 488 1830 ad
494 1793 587 1840 populum
597 1792 784 1831 oValerioconsule
791 1793 922 1830 turretartiirm
931 1793 1015 1830 lataest.
1036 1791 1084 1830 Data

152 1841 214 1880 tribus
223 1841 303 1890 adjecta)
308 1847 361 1888 sant,
371 1839 462 1878 Aniensis
471 1847 492 1878 et
500 1839 614 1879 Terentina.
640 1840 762 1880 Samnitibus
771 1840 841 1878 bellum
850 1840 953 1888 indictum,
961 1846 981 1878 et
992 1841 1084 1878 adversus

153 1901 189 1928 eos
197 1889 365 1938 sepeprosperep
392 1894 459 1926 natum
466 1895 502 1926 ost.
528 1890 596 1929 Quum
605 1890 699 1928 adversos
707 1889 808 1937 Etruscos,
818 1889 909 1937 Umbms,
923 1888 1029 1935 Samnites,
1037 1888 1085 1926 Gal·

154 1937 190 1986 los,
200 1937 222 1975 Ρ.
231 1936 293 1976 Decio
301 1944 322 1975 et
331 1935 358 1976 0„
385 1937 429 1975 aluo
443 1937 532 1986 dacibus,
540 1946 664 1986 pugnaretur,
677 1939 814 1987 Romanusque
822 1938 920 1976 exereitus
934 1937 953 1975 in
963 1936 1047 1976 maximo
1054 1941 1085 1976 est

153 1993 184 2026 ast
189 1984 306 2033 discrimine,
316 1985 338 2024 P.
347 1985 427 2032 Decius,
435 1991 515 2024 secatus
524 1985 634 2034 exemplum
643 1986 710 2034 patris,
724 1987 804 2025 devovit
817 1998 839 2024 se
848 1997 882 2033 pro
890 1985 986 2034 exercitu,
995 1990 1015 2023 et
1023 1990 1085 2022 morte

154 2037 191 2074 aaa
199 2033 349 2084 victorinmejm
356 2045 424 2083 pugne
432 2033 503 2082 populo
515 2035 602 2073 Romano
610 2035 669 2073 dedit.
696 2035 784 2092 Papirius
799 2035 870 2074 Cursor
885 2034 1001 2072 Samnitium
1010 2033 1086 2072 exorci-

153 2089 203 2131 tum‚
213 2083 377 2132 quijumjurando
384 2082 497 2130 obstrictus,
506 2095 543 2132 quo
552 2083 624 2131 majore
634 2085 744 2122 constantia
752 2083 832 2123 virtutis
842 2092 945 2132 pugnaret,
954 2083 974 2120 in
983 2081 1045 2120 aciem
1054 2081 1086 2120 de·

154 2132 263 2179 scendemt,
272 2131 329 2169 fudit.
353 2129 428 2168 &astte
434 2136 489 2168 actas
497 2137 527 2169 est
537 2143 542 2170 r
555 2131 638 2170 lustrum
644 2132 758 2170 eondimm:
770 2137 883 2170 censatum
891 2131 964 2169 civium
976 2130 1043 2178 capita
1050 2129 1087 2168 du·

154 2179 367 2276 oentapgagmffiluo
376 2178 446 2228 millia,
454 2185 475 2217 et
483 2187 568 2218 trecenta
577 2180 647 2232 viginti
655 2181 701 2219 duo.
716 2180 777 2232 [Car.
787 2191 902 2220 1-aarrr.
916 2190 937 2220 a.
944 2191 962 2218 o.
972 2177 1078 2218 sse-4⁵9

155 2239 177 2266 a.
186 2238 205 2265 c.
253 2247 277 2256 -
318 2253 324 2265 .

301 2343 434 2393 EPITOMAE
446 2353 592 2394 Lteaetttttt
605 2355 701 2396 DECEM
713 2354 940 2394 eatnautuetttttt.

583 2473 655 2485 “

465 2559 563 2589 ΣΡΠὈΙΠΣ
577 2562 639 2589 uitat
654 2559 773 2592 ammisit·

182 2627 249 2671 Quota
258 2628 330 2668 Fabius
339 2629 413 2686 Gurges
422 2631 490 2669 consul
498 2632 549 2670 male
562 2634 654 2672 adversus
667 2634 764 2673 Samnites
777 2635 888 2683 pugnasset,
902 2638 923 2673 et
938 2639 1017 2673 senatus
1026 2633 1049 2672 de
1057 2645 1089 2674 re·

157 2679 253 2719 movendo
260 2689 284 2716 oo
292 2679 317 2716 ab
325 2687 412 2716 exercitu
422 2685 496 2728 ageret,
506 2679 579 2719 Fabius
593 2681 700 2730 Maximus,
710 2690 771 2731 pater,
780 2683 897 2730 deprecatus
906 2683 956 2721 hanc
965 2681 1088 2732 filiiigaomi·

156 2729 220 2782 niara,
226 2729 249 2766 ab
255 2727 339 2766 maxime
348 2733 439 2782 senatum
448 2728 516 2776 morit,
525 2731 575 2777 qubrl
590 2730 664 2770 iturum
672 2743 692 2768 se
707 2731 748 2770 silio
762 2733 850 2780 legatum
858 2731 958 2779 pollicitus
967 2738 1009 2779 est,
1029 2731 1091 2780 itique·

157 2777 255 2826 prestitit.
280 2775 328 2832 Ejus
337 2775 424 2813 consiliis
433 2781 454 2814 et
462 2779 521 2824 operit
529 2777 581 2816 lilius
590 2779 658 2816 consul
664 2780 749 2828 adjutus,
758 2779 812 2818 casis
818 2779 946 2828 Samnitibus,
953 2777 1088 2828 triumpharit.

158 2826 182 2864 0.
192 2825 289 2881 Pontiam,
298 2827 435 2880 imperatorem
444 2825 569 2874 Samnitium,
578 2827 657 2866 ductam
670 2828 689 2865 in
699 2829 805 2876 triumpho,
820 2829 886 2867 securi
894 2829 995 2876 percussit.
1020 2827 1089 2868 Quum

158 2874 228 2912 civitas
237 2873 352 2922 pestilentie
358 2872 461 2928 laboraret,
471 2874 524 2912 missi
534 2875 600 2924 legati,
616 2883 637 2914 ut
645 2876 755 2924 AE'sculapii
763 2876 840 2926 signum
854 2877 936 2916 Romam
950 2877 975 2914 ab
989 2875 1089 2923 Epidauro

155 2922 291 2970 transferrent,
300 2931 390 2970 anguem,
399 2933 460 2969 quise
470 2921 489 2960 ln
498 2933 566 2961 narem
576 2935 642 2962 eoram
651 2925 768 2974 contuierat,
775 2925 795 2963 in
804 2925 855 2974 quoi
869 2935 911 2963 sum
919 2935 1036 2962 numenesse
1043 2935 1090 2962 eorr-

158 2971 231 3019 stabat,
244 2969 381 3019 deportavere:
394 2981 456 3018 eoque
466 2971 485 3008 in
496 2971 579 3010 insulam
589 2973 667 3012 Tiberis
675 2985 760 3022 egresso,
775 2975 842 3012 eodem
857 2937 901 3012 loco
910 2974 959 3010 edos
972 2971 1091 3019 AEaculapio

158 3025 273 3057 consecrata
282 3025 319 3057 est.
346 3018 370 3056 L.
381 3017 491 3058 Postumius
501 3020 615 3069 consolaris,
628 3024 727 3070 quoniam,
739 3034 798 3071 quum
815 3021 910 3060 exercitui
925 3025 1020 3070 preesset,
1029 3020 1092 3067 opera

159 3067 244 3105 militum
253 3067 273 3104 ln
282 3077 328 3116 agro
336 3079 372 3104 suo
379 3077 425 3106 usus
433 3074 483 3115 erat,
491 3067 595 3107 damnatas
604 3075 642 3108 est.
668 3071 717 3107 Gom
727 3070 847 3108 Samnitibus
859 3081 927 3117 pacem
936 3067 1046 3115 petentibus
1055 3065 1090 3105 ioe·

159 3115 195 3154 dus
204 3116 272 3198 patrie
280 3121 394 3172 renotatam
401 3121 438 3172 est.
462 3116 534 3173 Curius
544 3117 640 3156 Dentatus
648 3118 724 3166 consul,
733 3119 854 3159 Samnitibus
862 3117 952 3164 carnea
959 3115 1046 3163 Sabinis,
1055 3115 1092 3172 qui

160 3163 205 3201 rebe
214 3163 308 3210 laverant,
317 3168 382 3210 vrotrs,
391 3170 411 3202 et
426 3176 445 3202 rn
454 3165 574 3203 deditionem
583 3165 676 3214 acceptis,
686 3166 713 3203 bis
722 3165 741 3205 in
749 3168 816 3204 eodem
829 3165 944 3251 mapistratu
952 3163 1089 3250 triumphavit.
1103 3180 1105 3187 ,

160 3210 248 3249 Colonia
256 3211 342 3248 deducte
350 3217 403 3258 suat,
412 3212 513 3261 Castrum,
522 3214 582 3262 Sena,
591 3215 660 3252 Adria.
685 3213 792 3254 Triumviri
801 3215 866 3262 capita
874 3225 896 3251 ss
905 3219 952 3250 tuno
960 3213 1009 3260 prim
1025 3223 1091 3251 rnore-

160 3259 189 3298 ati
196 3265 248 3297 sunt.
274 3257 340 3296 Oenea
349 3265 401 3308 acto,
411 3259 493 3299 lustrum
506 3262 605 3303 conditum
619 3269 659 3300 ost:
677 3274 735 3301 censa
742 3269 788 3302 sunt
796 3263 868 3302 civium
876 3261 942 3310 capita
951 3262 1034 3300 ducenta
1046 3272 1091 3310 sep·

160 3305 252 3356 tunginla
260 3305 299 3344 duo
307 3305 376 3363 millia.
401 3307 466 3356 Plebs,
475 3317 550 3358 propter
561 3323 587 3349 tes
594 3309 686 3353 alionum,
695 3317 739 3358 post
747 3323 814 3360 graves
829 3317 849 3349 et
862 3310 930 3359 longos
940 3309 1052 3357 seditiones,
1065 3309 1091 3348 ad

160 3356 253 3396 ultimum
260 3361 342 3394 socesut
350 3355 370 3393 in
376 3355 489 3396 Janiculum
497 3371 502 3397 t
521 3359 572 3398 unde
581 3371 593 3397 a
601 3359 631 3399 Q·
638 3359 741 3398 Hortensio
749 3361 843 3398 dictatore
851 3359 935 3397 demota
942 3365 985 3397 est:
1003 3357 1058 3407 isque
1070 3357 1092 3396 in

161 3405 204 3454 ipse
212 3403 329 3490 maiistratu
337 3403 430 3444 decessit.
455 3405 495 3443 Res
503 3413 597 3454 preterea
605 3414 673 3445 eontra
681 3407 815 3446 Volsinienses
823 3414 890 3456 gestas
897 3407 995 3444 continet:
1007 3406 1053 3444 item
1058 3405 1092 3444 ad-

99 3467 103 3480 1
161 3464 229 3492 versus
261 3461 342 3498 aanor,
357 3458 485 3504 contraque·
501 3455 595 3494 auxilium
610 3455 709 3495 Thurinis
717 3455 766 3496 terre
777 3455 886 3505 placuerat.
911 3453 1093 3506 [scatet-atet

163 3513 185 3541 a.
196 3514 216 3540 a.
224 3499 349 3550 292-284.]

469 3611 566 3642 ”1101ss
579 3613 642 3642 trust
656 3613 788 3644 DUllDthffll·

179 3662 258 3720 ¹littura
267 3663 328 3713 legati
336 3663 469 3704 Romanorum
475 3677 488 3704 a
496 3667 559 3706 Gallis
567 3667 677 3708 Senonibus
686 3668 785 3710 interiecti
794 3673 867 3716 essem,
875 3667 958 3708 beiloob
966 3668 986 3708 id
993 3665 1056 3708 Gallia
1064 3666 1094 3706 ia-

164 3710 226 3758 drcto,
234 3711 259 3748 L.
268 3711 357 3751 cecilius
366 3717 434 3760 pretor
442 3723 486 3751 eum
495 3713 602 3764 legionibus
611 3717 636 3754 ab
645 3717 668 3754 iis
676 3729 736 3756 cesus
744 3724 782 3756 est.
808 3717 875 3757 Quum
882 3727 895 3755 a
903 3715 1018 3756 Tarentinis
1024 3715 1095 3754 classis

164 3758 254 3800 muana
261 3759 337 3809 direpta
343 3766 404 3810 esset,
410 3760 520 3812 duumviro,
528 3762 562 3813 qui
569 3770 649 3812 praerat
657 3765 726 3816 classi,
732 3765 879 3816 occlamlapati,
888 3765 913 3806 asi
919 3777 953 3806 eos
961 3777 975 3806 a
984 3769 1064 3814 mnata,
1070 3765 1095 3802 at
