2638 4206
196 339 252 402 1oe
569 307 732 388 rrrrn'vn
1294 287 1307 425 'p

231 479 268 537 V.
288 474 423 536 nereum
435 493 471 534 cx
483 433 666 550 quodie‘dux
678 484 721 530 est
733 471 895 545 declaratus,
909 472 983 530 velut
996 470 1077 530 Italia
1088 470 1117 530 ei

119 563 120 566 ’
193 556 333 632 provincia
354 555 463 610 decreta
498 551 651 626 bellumque
674 552 833 608 Romanurn
853 551 1014 608 mandatum
1032 561 1114 616 esset,

193 595 555 708 nihilproletandulriiittus',
569 648 648 690 nese
668 647 784 702 quoque,
796 640 836 720 pt
856 639 960 703 patrem
975 628 1117 684 Hamilca-
1140 673 1144 682 ,

101 775 112 785 Ι,
192 730 258 780 rem,
273 711 373 766 deinde
387 686 790 778 Hasdrubalem,¹buuctantem
813 726 893 763 casus
916 706 1014 779 aliquis
1026 673 1152 778 oppa-'‘¹‘'

108 820 116 853 a
191 799 286 844 meret.
326 785 486 862 Saguntinis
508 785 608 862 inlerre
632 767 871 852 bellum'statuiti
900 783 1147 858 quibusoppug·a

106 899 115 930 a
190 866 289 922 nandis
302 864 366 938 quia
379 863 451 920 haud
465 862 547 930 dubie
561 861 691 919 Romana
703 879 778 917 erma
789 862 974 930 movebantur,
989 861 1018 918 in
1032 859 1115 918 Olca-

39 949 67 1014 ‘',.
190 943 255 999 dum
270 933 425 1016 linedprids
440 939 523 1018 (ultra
539 939 648 996 lberam
662 957 695 994 ea
707 957 776 1013 gens
790 939 818 996 in
832 949 907 1013 parte
921 937 1018 1013 magis,
1031 936 1115 1011 quam

70 1085 74 1092 ¹
111 1020 117 1036 ⁵
156 1001 160 1020 '
189 1019 223 1077 in
244 1019 357 1091 ditione,
385 1017 653 1092 Carthaginiensium
679 1000 882 1093 erat)³linduxit
901 1016 1065 1088 exercitum,
1084 1025 1116 1070 ut

1231 614 1308 722 el

1160 693 1209 724 (W
1216 690 1231 722 ἐν

114 1098 121 1150 l
188 1116 243 1154 non
264 1097 364 1171 petisse
385 1094 561 1172 Saguntinos,
582 1094 631 1150 sed
650 1113 741 1162 terrun
762 1093 841 1160 serie,
863 1073 1148 1151 lirritimisfflomitis*

115 1150 121 1226 l
188 1176 326 1250 gentibus,
346 1174 552 1250 iungendoque,
575 1181 678 1228 tractus
691 1171 726 1226 ad
746 1171 773 1226 id
787 1170 889 1230 bellurn
911 1153 1147 1248 videri’possatn

117 1257 124 1322 l
187 1253 298 1326 §atteia
328 1296 336 1322 ,
362 1253 456 1307 urbem
476 1250 644 1345 opulgutam,
664 1260 746 1323 caput
765 1249 856 1323 gentis
875 1249 944 1325 ejus,
964 1257 1113 1322 expugnat,

118 1271 341 1430 ramll.
666 1321 672 1336 ’

380 1329 447 1389 Quo
460 1338 534 1385 metu
547 1327 680 1402 perculsa
694 1326 813 1382 minores
830 1327 962 1394 civitates,
977 1325 1114 1399 stipendio

131 1459 133 1464 .
186 1406 322 1490 imposito,
337 1407 373 1464 im
393 1407 479 1498 eriurq
510 1423 560 1461 cce
580 1407 634 1460 ere.
674 1404 770 1460 Victor
790 1405 934 1474 exercitus,
956 1404 1114 1478 opulentus·

116 1419 132 1580 l
186 1427 576 1559 que'iir'aeddfssarthagmem
589 1477 706 1542 Novam
720 1461 946 1542 in¹biberna⁸est
967 1482 1112 1538 deductus.

100 1605 106 1620 .
186 1561 230 1619 Ibi
243 1562 319 1636 large
332 1562 475 1637 partiendo
488 1557 619 1635 praeddrll,
632 1559 768 1632 stipendio
781 1560 989 1633 praeteritooum
1001 1558 1054 1615 fide
1067 1577 1113 1614 ex·
1122 1577 1146 1616 rs
1307 1575 1308 1630 ;

185 1640 323 1709 solvendo,
338 1641 447 1698 cunctis
459 1639 561 1695 civium
574 1636 763 1710 sociorumque
785 1636 887 1692 animis'
904 1637 933 1693 in
947 1657 976 1693 se
990 1636 1112 1702 firmatis,
1307 1647 1308 1680 l

185 1735 249 1773 vere
261 1719 350 1791 primo
363 1719 392 1774 in
407 1717 538 1773 Vaccaeos
559 1725 711 1795 promotum
733 1712 853 1770 bellum‘
884 1713 1074 1775 Hermandica
1086 1725 1115 1770 et

185 1793 326 1850 Arbocala
340 1794 421 1851 urbes
436 1793 460 1848 vi
474 1803 569 1866 capte.
597 1791 737 1848 Arbocala
749 1802 776 1846 et
785 1791 883 1849 virtute
896 1805 925 1849 et
938 1791 1113 1850 multitudine
1284 1797 1287 1806 ’

184 1871 382 1946 oppidanorum
395 1870 442 1926 diu
457 1869 578 1926 defensa.
588 1869 666 1944 l„Ab
680 1868 870 1928 Hermandica
883 1867 1114 1946 profugi,''exsuli·
1257 1905 1258 1910 κ

184 1947 236 2006 bus
249 1948 395 2018 Olcadum,
410 1947 498 2022 priore
512 1957 605 2004 aestate
623 1946 732 2004 domitae
753 1947 852 2021 gentis,
870 1967 954 2022 quum
968 1967 997 2004 se
1007 1948 1147 2022 jannis-ar

184 2037 255 2098 sent,
269 2027 408 2084 concitant
422 2025 606 2100 Carpetanos:
633 2024 774 2098 adortique
798 2025 985 2083 Hannibalem
1007 2045 1113 2108 gegqes·
1258 2029 1266 2048 ”

184 2123 245 2160 sum
259 2123 294 2161 ex
307 2103 440 2173 Veecaeis,
466 2102 538 2160 baud
559 2102 652 2176 procul
676 2101 758 2176 Tago
783 2102 904 2180 dumine’
917 2123 1016 2179 agmen
1030 2122 1113 2178 gave

182 2182 276 2256 praede
300 2179 451 2238 turbavere.
492 2179 632 2237 Hannibal
658 2179 754 2255 proelio
779 2181 927 2249 abstinuit;
961 2181 1112 2254 castrisque

183 2277 264 2333 super
275 2259 360 2334 ripam
372 2259 477 2335 positis,
491 2277 574 2332 quum
594 2259 682 2333 prima
694 2258 772 2331 quies
792 2258 984 2332 silentiumque
1004 2259 1113 2334 abbes-

53 2364 66 2381 τ
162 2337 256 2410 .tibus
276 2336 336 2404 luit,
357 2356 466 2394 amnem
486 2337 555 2393 vado
574 2336 697 2412 trajecit:
729 2336 850 2409 valloque
872 2337 910 2393 ita
926 2336 1069 2412 producto,
1083 2346 1146 2392 utus

182 2409 331 2488 lpcqrrn'ad
350 2403 607 2490 transgrediendum
637 2414 729 2474 hostes
748 2413 890 2486 baberent,
914 2414 1044 2470 invadere
1064 2432 1112 2470 eos
1167 2459 1170 2464 ,

183 2501 358 2548 transeuntes
372 2491 474 2548 statuit.
497 2491 660 2564 ,Equitibus
673 2491 814 2564 praecepit,
828 2503 867 2556 ut,
876 2511 959 2565 quum
974 2492 1111 2567 ingressos

182 2564 281 2642 aq'u'am
295 2569 427 2635 viderent,
443 2565 622 2624 adorirentur.
662 2567 789 2624 Peditum
804 2587 904 2642 agmen
924 2569 954 2626 in
976 2571 1042 2645 ripa,
1057 2568 1112 2626 ele-

181 2645 298 2720 phantos
323 2644 385 2701 ante
406 2643 587 2719 quadraginta
609 2644 748 2718 disposuit.
801 2645 1018 2720 Carpetanorum
1044 2667 1109 2704 cunr
1145 2690 1153 2698 .

181 2722 380 2797 appendicibus
394 2722 531 2779 Olcadum
545 2722 782 2798 Vaccaeorumque
792 2734 904 2781 centum
918 2713 1004 2782 millia
1017 2726 1091 2783 suere
1100 2745 1108 2794 3
1118 2742 1143 2782 ao

181 2799 285 2876 invicta
298 2801 380 2868 acies,
404 2799 427 2856 si
441 2818 519 2874 aequo
539 2787 721 2890 dimlparetqi'
729 2818 834 2876 campo.
875 2789 971 2877 Ita'qu'e
982 2799 1020 2860 'et
1033 2804 1106 2879 inge

181 2879 228 2937 nio
241 2879 353 2948 feroces,
367 2889 395 2936 et
409 2862 669 2950 ipultitudiiid'i'reti,
690 2888 718 2934 et
731 2869 804 2952 qubd
826 2889 900 2937 metu
921 2882 1037 2938 cessisse
1044 2900 1109 2954 ,gre-

181 2955 284 3028 debant
309 2958 423 3029 hostem,
450 2956 477 3013 id
498 2955 597 3012 morari
623 2956 763 3014 victoriam
790 2952 857 3027 rati}
873 2956 945 3032 quod
961 2957 1109 3030 ⁸interesset

132 3025 136 3038 ’
181 3035 280 3106 amnis,
294 3035 412 3110 clamore
426 3026 541 3123 spldggo,
555 3035 656 3108 passim
670 3034 729 3092 sine
750 3034 832 3091 ullius
845 3036 967 3110 imperio,
978 3035 1035 3112 qual
1049 3035 1108 3091 cui-

179 3116 233 3184 qu'e
246 3112 400 3185 proximum
414 3124 462 3182 est,
477 3131 506 3168 rn
520 3129 630 3167 amnem
644 3105 745 3186 ruunt?
756 3111 840 3170 Eteri
853 3126 928 3187 parte
944 3114 1026 3169 altera
1040 3111 1106 3186 ripe
1115 3129 1141 3169 aa

179 3187 220 3243 vis
233 3188 333 3262 ingens
345 3190 467 3264 equitum
481 3191 509 3246 in
523 3188 625 3246 flumen
637 3186 767 3261 immissa,
779 3191 1006 3266 medioqueflalveo
1020 3190 1104 3245 haud-

158 3327 161 3334 ,
178 3267 313 3340 quaquam
333 3267 391 3340 pari
405 3268 555 3324 certamine
575 3285 757 3340 cpncursnm3
785 3268 884 3343 quippe
898 3263 945 3324 ubi
959 3261 1051 3343 ‘pedes
1065 3267 1107 3324 in·

180 3342 293 3413 stabilis,
307 3361 339 3400 ac
354 3344 398 3400 vix
411 3345 480 3403 vado
492 3335 590 3428 fidens,
605 3345 645 3402 vel
660 3345 694 3400 ab
708 3346 805 3402 inermi
818 3346 918 3419 equite,
931 3364 1001 3420 equo
1021 3356 1107 3402 teme·

179 3422 208 3479 re
222 3432 293 3492 aeto,
306 3423 421 3496 perverti
435 3434 541 3498 possen
562 3441 655 3500 eques,
670 3441 781 3498 corpore
795 3423 930 3498 armisque
943 3423 1021 3493 liber,
1035 3443 1106 3498 equo

179 3499 223 3555 vel
236 3519 285 3576 per
296 3499 399 3557 medios
412 3502 533 3580 gurgites
547 3499 647 3567 stabili,
667 3502 794 3558 cominus
806 3501 967 3576 eminusque
987 3521 1045 3558 rem
1058 3501 1140 3578 ge·4⁰

179 3580 260 3633 reret.
282 3578 348 3634 Pars
357 3577 579 3655 magnaflumine
591 3578 749 3653 absumpta:
763 3580 884 3653 quidam,
900 3579 1036 3638 verticoso
1049 3599 1106 3640 am·
1140 3587 1144 3598 “

178 3653 208 3710 ni
231 3654 313 3712 delati
333 3655 361 3712 in
382 3655 482 3723 hostes,
505 3656 541 3712 ab
560 3655 712 3732 elephantis
738 3657 830 3732 obtriti
852 3647 938 3714 sunt?
1000 3659 1106 3733 ¹stremi,
1121 3671 1131 3690 ⁶

177 3729 276 3809 quibus
289 3751 429 3815 regressus
440 3734 468 3791 in
482 3752 559 3792 suam
574 3733 661 3810 ripam
682 3732 763 3792 tutior
779 3735 839 3808 luit,
853 3754 887 3792 err
901 3755 976 3796 varra
989 3738 1106 3814 trepida·
