2620 4200
459 361 562 416 alsus
576 359 658 414 XXX.
688 373 850 412 cannara.
1070 365 1129 424 Μ·

194 507 294 572 hostile
307 507 476 569 hebetarent.
516 507 603 573 'I'urm
616 505 666 563 uhi
678 505 769 564 omnis
781 523 844 580 spes
856 513 938 576 esset,
949 504 1129 564 marcescer-

195 591 384 667 thaginiensas
407 589 560 662 Afrosque:
594 595 634 652 ut,
656 584 786 641 omnibus
799 583 882 640 rebus
899 583 961 640 eliis
974 598 1063 658 pares,
1084 583 1128 655 eb,

195 669 268 744 quaid
291 667 391 742 integri
412 683 480 724 cum
507 664 588 722 sessis
611 681 644 719 oc
666 662 768 719 sauciis
787 671 953 738 pugnarent,
975 661 1129 736 superiores

196 757 304 814 essent3
333 745 454 817 Italicos,
468 741 609 802 intervallo
622 759 730 816 quoque
748 740 907 814 diremptos,
921 739 1041 796 incertos
1061 740 1130 797 socii

162 835 231 882 ¹sau
245 826 337 881 hostes
350 835 452 895 essent,
465 823 494 880 iu
508 834 674 896 postremam
683 819 776 876 aciem
789 819 938 875 submotos.
979 817 1044 875 Hoc
1056 818 1131 876 edito

194 903 268 959 velut
292 902 390 958 ultimo
410 900 516 958 rimans
541 915 633 973 opere,
666 897 818 964 Hannibal,
839 913 924 972 quum
944 896 1132 954 Adrumetum

193 980 349 1055 refugisset,
364 980 524 1053 accitusque
538 977 603 1033 inde
620 976 828 1051 Carthaginem,
851 985 927 1032 sexto
941 993 975 1031 ac
989 974 1132 1050 trigesimo

193 1056 254 1132 pbst
267 1075 341 1114 anuo
353 1057 436 1132 quam
449 1073 517 1132 puer
531 1055 596 1112 inde
608 1053 749 1128 profectus
762 1063 830 1119 erat,
852 1053 977 1124 redisset,
999 1052 1088 1109 fassus
1101 1053 1131 1109 in

194 1135 271 1192 euris
281 1147 330 1205 est,
345 1155 400 1192 non
414 1133 510 1210 proelio
523 1130 604 1190 modd
624 1149 664 1198 se,
686 1133 735 1188 sed
755 1131 827 1188 bello
847 1131 961 1203 victum,
982 1149 1037 1188 neo
1052 1149 1131 1206 spem

164 1213 290 1270 resolutis
301 1214 376 1281 alibi,
391 1211 474 1288 quiam
484 1212 514 1269 ia
528 1227 598 1286 pace
613 1209 796 1285 impetrandi,
811 1227 888 1265 esse·

233 1371 374 1428 XXXVI.
405 1365 510 1445 Scipio,
525 1367 671 1426 confestim
684 1387 702 1424 a
715 1339 817 1444 proelio
827 1370 992 1446 expugnatis
1011 1369 1132 1428 hostium

194 1450 293 1507 castris
312 1449 487 1524 direptisque,
512 1463 576 1504 cum
597 1447 704 1522 ingenti
725 1447 816 1522 preda
837 1447 872 1504 ad
893 1465 969 1504 mare
994 1467 1028 1505 ac
1048 1465 1132 1504 naves

193 1528 294 1596 rediit;
328 1527 426 1584 nuntio
446 1527 537 1597 allato,
562 1525 591 1582 P.
607 1525 756 1583 Lentulum
780 1545 844 1584 cum
865 1527 1065 1602 quinquaginta
1077 1543 1134 1582 ros·

195 1605 282 1677 tratis,
302 1620 416 1662 centum
437 1603 580 1672 onerariis,
605 1623 669 1661 cum
690 1605 766 1662 omni
787 1623 889 1680 genere
903 1603 1078 1663 commeatus
1097 1603 1133 1659 ad

164 1682 305 1739 aaUticam
320 1683 480 1740 accessisse.
520 1684 734 1740 Admovendum
750 1684 831 1759 igitur
854 1685 978 1758 undique
1001 1694 1134 1740 terrorem

195 1761 328 1836 perculsae
343 1761 506 1837 Carthagini
521 1761 704 1827 ratus,‘misso
718 1761 805 1818 Laelio
818 1763 938 1820 Romam
962 1781 1028 1819 cum
1049 1761 1134 1817 victo*-

195 1839 243 1895 riae
257 1839 364 1909 nuntio,
387 1840 441 1895 Cn.
456 1839 604 1896 Octavium
622 1839 742 1896 terrestri
767 1840 865 1898 itinere
886 1841 989 1898 ducere
1010 1839 1134 1916 legiones
1172 1881 1175 1889 .

197 1916 396 1990 Carthaginem
415 1917 511 1990 jubet:
543 1918 610 1990 ipse,
632 1919 667 1972 ad
688 1937 766 1976 suam
787 1931 908 1977 veterem
928 1920 1000 1977 nova
1020 1917 1134 1975 Lentuli

197 1993 286 2050 classe
300 1995 439 2068 adjuncti,
453 1993 592 2068 profectus
605 1994 641 2048 ab
654 1995 737 2053 Utica
760 2007 867 2072 portum
889 1996 1066 2072 Carthaginis
1085 2005 1134 2069 pe'·

163 2085 188 2126 ac
198 2071 238 2128 tit.
279 2072 362 2128 Haud
376 2072 470 2146 procul
485 2072 587 2137 aberat,
602 2091 687 2145 quum
702 2074 790 2132 velata
809 2075 902 2131 infulis
915 2075 1052 2148 ramisque
1065 2073 1133 2130 oleae

198 2149 470 2224 Carthaginiensium
483 2149 604 2206 occurrit
618 2153 705 2209 navis.
746 2153 852 2209 Decem
866 2153 951 2227 legati
968 2163 1047 2210 erant
1059 2152 1134 2226 prin‘·

198 2228 275 2302 cipes
296 2228 423 2293 civitatis,
450 2237 562 2284 auctore
585 2228 745 2287 Hannibale
768 2231 845 2287 missi
865 2232 899 2287 ad
920 2232 1066 2305 petendam
1079 2235 1134 2304 ‘pa'-

198 2323 279 2362 cem:
299 2307 443 2380 quiquam
458 2306 492 2361 ad
507 2309 621 2383 puppim
635 2309 768 2384 praetoria
787 2309 864 2365 navis
882 2310 1074 2374 accessissent,
1089 2315 1134 2362 ve‘-

197 2383 318 2440 lamenta
348 2385 502 2458 supplicum
536 2389 718 2462 porrigentes,
753 2397 872 2458 orantes,
902 2386 1134 2460 implorantesque

165 2461 280 2518 andem
294 2473 322 2518 et
335 2462 553 2522 misericordiam
569 2466 708 2540 Scipionis
720 2485 727 2534 3
757 2465 863 2521 nullum
887 2465 921 2522 iis
934 2464 1009 2521 aliud
1022 2481 1134 2538 respon-

198 2547 258 2596 sum
273 2541 377 2612 datum,
401 2539 486 2614 quam
509 2555 539 2601 nt
559 2545 700 2600 Tunetem
721 2544 864 2599 venirent:
892 2541 925 2598 eb
946 2561 975 2599 se
993 2551 1134 2599 moturum

198 2629 303 2676 castra:
325 2619 382 2693 ipse
396 2620 432 2675 ab
446 2623 632 2696 contemplato
645 2622 699 2677 situ
714 2621 899 2695 Carthaginis,
920 2641 976 2678 non
998 2632 1055 2677 tam
1072 2638 1134 2676 nos-

199 2697 281 2752 cendi
294 2698 323 2751 in
338 2701 495 2770 presentia,
509 2703 590 2775 quim
605 2700 777 2774 deprimendi
802 2700 886 2755 hostis
900 2700 994 2771 causti,
1013 2700 1133 2764 Uticam,

101 2789 107 2793 ·
199 2772 296 2829 ebdem
312 2784 340 2828 et
353 2775 472 2834 Octavio
492 2789 628 2849 revocato,
652 2778 740 2834 rediit.
781 2777 851 2834 Inde
872 2777 1086 2851 procedentibus
1099 2776 1133 2831 ad

138 2911 141 2915 ,
166 2849 342 2909 acTnnetem
358 2857 473 2911 nuntius
487 2857 593 2927 allatus,
608 2856 780 2921 Verminam,
806 2856 940 2928 Syphacis
958 2855 1054 2925 filium,
1069 2871 1134 2909 curn

198 2929 338 3004 equitibus
351 2934 474 3009 pluribus
488 2934 568 3007 quim
582 2933 728 3008 peditibus,
750 2933 842 2988 venire
857 2932 1135 3006 Carthaginiensibus

197 3011 310 3068 auxilio.
364 3013 430 3068 Pars
455 3011 590 3068 exercitiis
617 3029 681 3067 cum
702 3011 776 3068 omni
797 3012 918 3084 equitatu
943 3010 1135 3067 Saturnalibus

200 3089 295 3164 primis
310 3109 409 3164 agmen
424 3109 560 3165 aggressa,
575 3090 713 3146 Numidas
730 3090 783 3145 levi
807 3090 958 3145 certamine
972 3089 1057 3145 sudit:
1078 3087 1135 3143 eri-

203 3175 231 3222 tu
246 3183 354 3242 quoque
370 3169 441 3243 sugae
456 3169 611 3238 intercluso,
628 3179 732 3242 aparte
748 3167 823 3224 omni
846 3167 1025 3224 circumdatis
1038 3165 1136 3241 equiti·

169 3243 264 3317 asbus,
279 3247 439 3320 quindecim
453 3246 539 3302 millia
553 3247 693 3303 hominum
708 3265 800 3316 casa,
824 3247 899 3303 mille
912 3257 940 3303 et
953 3246 1068 3303 ducenti
1082 3243 1136 3300 vivi

202 3324 276 3396 eapti
290 3335 363 3390 sunt,
378 3334 406 3379 et
419 3325 482 3398 equi
496 3325 640 3381 Numidici
662 3325 736 3380 mille
759 3336 787 3381 et
804 3324 958 3400 quingenti,
973 3326 1053 3401 signa
1066 3321 1137 3379 mili·

202 3401 271 3455 teria
297 3399 352 3456 duo
371 3413 399 3458 ct
419 3403 599 3478 septuaginta.
652 3403 779 3478 Regulus
809 3403 867 3479 ipse
888 3405 959 3460 inter
987 3401 1136 3460 tumultum

203 3494 267 3534 cum
280 3480 376 3552 paucis
397 3479 501 3555 effugit.
541 3480 616 3537 Tum
630 3481 665 3536 ad
679 3481 819 3536 Tunetem
844 3483 951 3554 eodem,
973 3501 1027 3557 quo
1044 3489 1134 3548 antea,

202 3551 265 3610 loco
279 3567 368 3614 castra
381 3557 486 3632 posita;
507 3557 643 3634 legatique
657 3559 770 3634 triginta
790 3557 958 3636 Carthagine
979 3561 1014 3616 ad
1029 3557 1136 3633 Scipio·

170 3647 195 3686 ro
204 3650 268 3688 nem
282 3647 434 3692 venerunt:
466 3647 493 3692 et
506 3635 545 3692 illi
555 3637 666 3710 quidem
680 3635 767 3693 multo
781 3637 977 3704 miserabilius,
990 3635 1073 3711 quim
1088 3653 1135 3693 an-

203 3708 242 3782 te,
258 3710 325 3794 (qud
338 3713 426 3790 magis
438 3713 557 3791 cogebat
570 3713 690 3792 fortuna)
705 3725 837 3790 egerunt:
868 3716 916 3772 sed
933 3714 1072 3789 aliquantb
1086 3713 1136 3770 nti·

201 3807 269 3847 nore
282 3809 347 3848 oum
367 3791 557 3849 misericordia
577 3793 612 3849 ab
631 3793 737 3850 receuti
758 3794 891 3852 memoria
913 3793 1036 3871 perfidie
1049 3790 1142 3854 auditi.

467 3870 502 3930 21
