2620 4200
161 365 222 427 270
544 355 709 410 mmnrrn

161 511 180 559 t‘
190 517 274 566 noctu
288 510 471 580 sumpserunt.
489 501 490 508 ’
510 499 590 562 Quid
610 501 645 558 de
669 498 770 574 magna
790 510 866 572 parte
880 495 1038 574 principum
1056 500 1100 559 ln*

161 589 267 659 “quam
279 583 324 656 qui
339 583 367 638 in
388 579 525 637 Romanis
538 597 615 667 spem
635 596 746 634 omnem
767 577 908 651 dignitatis
931 586 960 634 et
980 578 1098 636 fortunas¹

161 667 349 736 “postrerunt,
369 669 397 716 et
417 659 446 714 in
473 676 517 724 cc,
547 676 593 730 qur
612 656 706 714 omnia
719 656 792 730 apud
817 655 961 712 Romanos
981 660 1097 730 potest?

161 740 288 812 “Neque
312 737 479 816 (Herculei)
501 737 584 792 istum
604 731 798 790 minitantium
819 733 894 790 fratri
920 735 1025 810 majori,
1039 737 1097 800 sed

160 817 271 892 “prope
292 827 344 884 est,
369 827 399 872 ut
421 814 471 872 tibi
496 832 605 888 quoque
631 812 694 887 ipsi,
713 811 771 884 regi
791 822 820 867 et
839 811 918 885 patri,
940 813 1095 886 preferant.
1118 835 1131 875 s

160 900 179 932 ‘⁶
189 895 246 952 iste
266 895 341 952 enim
355 906 406 959 est,
421 893 500 967 cujus
515 891 651 948 beneficio
664 907 773 964 poenam
787 889 836 946 tibi
855 901 967 946 senatus
980 893 1094 965 remisit,

160 977 179 1010 “
188 973 235 1046 qui
249 984 366 1030 nuncto
381 972 416 1028 ab
429 971 512 1027 armis
527 968 663 1026 Romanis
676 967 800 1042 protegit,
814 968 862 1040 qui
874 978 950 1024 tuam
968 982 1096 1027 senectu-

160 1055 178 1087 “
187 1063 245 1110 tem
256 1051 405 1125 obligatam
420 1059 448 1106 et
460 1048 608 1105 obnoxiam
622 1045 814 1102 adolescentia
832 1065 889 1101 sure
912 1065 973 1102 esse
986 1065 1096 1121 aqunm

159 1134 292 1186 “censet
333 1127 386 1185 Pro
400 1128 452 1194 isto
466 1125 587 1183 Romani
602 1134 684 1189 stant,
703 1142 751 1196 pro
764 1123 817 1179 isto
835 1142 933 1180 omnes
953 1126 1034 1182 urbes
1048 1139 1097 1184 tuo

160 1207 305 1282 “imperio
316 1207 447 1274 liberatae,
469 1223 518 1279 pro
532 1203 583 1260 isto
604 1201 784 1271 Macedones,
807 1201 854 1274 qui
874 1221 944 1276 pace
966 1204 1133 1264 &manau

160 1289 179 1321 ‘⁶
188 1285 327 1358 gaudent:
348 1284 426 1350 mihi,
440 1293 538 1358 practer
551 1292 587 1351 te,
601 1291 687 1355 pater,
708 1279 775 1353 quid
788 1297 903 1353 usquam
917 1292 964 1337 aut
977 1283 1035 1360 spei
1050 1293 1098 1340 aut

161 1365 179 1399 “
188 1363 308 1437 presidii
322 1364 386 1418 esti
978 1366 981 1372 '

198 1473 253 1576 iil.
293 1516 386 1579 “Quo
419 1528 544 1594 spectare
574 1516 634 1572 illas
664 1515 757 1570 literas
784 1515 819 1570 ad
847 1527 873 1571 te
902 1535 978 1574 nunc
1000 1519 1097 1576 missas

78 1649 85 1662 ,
159 1600 179 1634 “
189 1597 226 1654 Τ.
239 1597 351 1658 Quintii
378 1597 478 1663 credis,
502 1596 612 1670 quibus,
634 1605 662 1650 et
682 1594 754 1650 bene
774 1603 801 1649 te
821 1595 993 1652 consuluisse
1014 1598 1096 1654 rebus

160 1679 179 1711 “
189 1675 253 1745 tuis,
267 1675 314 1746 ait,
327 1673 400 1749 quod
414 1675 588 1731 Demetrium
602 1673 722 1728 Romam
737 1671 854 1742 miseris,
879 1683 907 1728 et
923 1675 1055 1746 hortatur,
1066 1686 1097 1732 ut
1107 1698 1131 1736 15

160 1757 178 1798 ‘i
188 1752 297 1823 iterum,
324 1764 352 1809 et
378 1772 442 1808 cum
469 1753 594 1826 pluribus
614 1749 712 1824 legatis
731 1759 759 1804 et
779 1749 945 1822 primoribus
965 1751 1097 1811 Macedo·

160 1835 178 1866 “
188 1847 263 1898 num,
279 1831 401 1886 remittas
414 1830 498 1884 cumi
528 1829 564 1884 T.
573 1827 710 1887 Quintius
723 1844 799 1882 nuno
807 1838 849 1882 est
863 1839 959 1886 auctor
972 1832 1096 1888 omnium

160 1911 279 1964 “rerum
293 1906 337 1964 isti
350 1918 378 1963 et
398 1908 536 1981 magister.
577 1906 650 1962 Eum
674 1904 736 1975 sibi,
760 1915 787 1960 te
800 1906 939 1964 ‘abdicato
959 1921 1046 1982 patre,
1068 1912 1096 1967 in

160 1986 279 2042 “locum
294 1997 371 2042 tuum
385 1985 533 2042 substituit.
574 1984 635 2040 Illic
649 1995 713 2040 ante
728 1983 822 2040 omnia
846 1985 1018 2044 clandestina
1032 2008 1098 2045 con-

97 2124 99 2134 ,
161 2069 179 2100 “
190 2075 269 2120 cocta
282 2076 347 2120 sunt
359 2064 482 2120 consilia.
522 2063 695 2123 Queruntur
709 2061 846 2136 adjutores
864 2065 996 2130 consiliis,
1011 2082 1096 2139 quum
1106 2087 1135 2126 m

160 2145 214 2196 “te
228 2141 329 2215 plures,
349 2152 377 2198 et
397 2141 536 2215 principes
559 2141 755 2223 Macedonum,
776 2159 841 2196 cum
862 2141 914 2198 isto
927 2144 1036 2208 mittere
1053 2145 1097 2220 jn·

160 2219 244 2275 “bet.
290 2219 350 2279 Qui
375 2221 440 2276 hinc
466 2219 567 2294 integri
587 2230 615 2274 et
635 2218 736 2275 sinceri
757 2219 877 2274 Romam
898 2232 974 2290 eunt,
995 2223 1098 2298 Philip·

161 2303 179 2334 ‘⁶
189 2316 254 2370 pum
275 2317 369 2372 regem
390 2317 419 2354 se
440 2299 542 2356 habere
563 2297 718 2362 credentes,
739 2297 845 2353 imbuti·
860 2299 936 2355 illinc
957 2310 984 2356 et
1000 2301 1096 2359 insecti

161 2375 325 2432 “Romanis
338 2377 531 2432 delenimentis
549 2376 674 2432 redeunt.
714 2374 873 2431 Demetrius
897 2378 930 2433 iis
954 2397 1026 2434 unns
1039 2398 1097 2436 orn-

160 2455 234 2509 “nia
248 2465 305 2510 est:
326 2473 389 2510 curn
401 2455 457 2528 jam
472 2473 575 2529 regem,
598 2455 658 2510 vivo
681 2465 767 2526 patre,
791 2454 937 2527 appeliant.
979 2457 1050 2514 Haec
1073 2459 1135 2518 sius

159 2536 179 2567 ‘⁶
188 2531 326 2604 indignor,
341 2533 510 2588 audiendum
534 2544 576 2588 est
596 2531 698 2601 statim,
721 2549 777 2587 non
801 2532 836 2586 ab
860 2533 921 2588 aliis
937 2534 1031 2604 solum,
1046 2538 1095 2592 sed

160 2613 179 2641 ‘²
189 2609 273 2663 ctiam
286 2617 307 2663 a'
316 2621 352 2677 te,
366 2623 451 2682 pater,
467 2609 625 2683 cupiditatis
646 2609 724 2683 regni
743 2609 858 2664 crimen.
901 2611 962 2686 Ego
985 2612 1056 2684 vero,
1071 2615 1095 2671 si

160 2691 178 2720 ‘⁶
189 2684 215 2740 in
232 2686 323 2742 medio
336 2688 455 2759 ponitur,
470 2706 525 2743 non
539 2705 679 2761 agnosco:
709 2703 790 2758 quem
804 2687 879 2742 enim
902 2709 952 2746 suc
965 2691 1026 2746 loco
1039 2711 1096 2748 mo-

160 2769 247 2834 ιινθο,
271 2775 302 2820 ut
325 2764 382 2837 ipse
404 2765 432 2820 in
453 2765 512 2838 ejus
533 2765 624 2820 locum
646 2764 795 2819 succedam
810 2767 838 2828 i,
863 2765 942 2824 Unus
966 2780 1029 2825 ante
1051 2789 1095 2825 me

160 2846 263 2914 “pater
287 2854 344 2899 est:
384 2853 419 2912 ct,
444 2854 474 2898 ut
494 2842 599 2909 diusit‚
624 2841 699 2898 Deos
719 2861 793 2916 rogo.
835 2843 981 2918 Superstes
1004 2847 1044 2923 (et
1058 2848 1130 2904 itaao

160 2924 178 2955 “
188 2920 249 2986 sim,
265 2920 287 2976 si
301 2921 435 2985 merebor,
451 2932 481 2976 ut
493 2921 551 2993 ipse
565 2939 609 2976 me
623 2940 683 2977 csse
705 2920 782 2997 velit)
804 2921 991 2982 hereditatem
1005 2927 1095 2998 regni,

160 2997 211 3052 “si
237 3009 313 3070 pater
346 3000 442 3068 tradet,
470 2998 614 3072 accipiam.
668 2999 750 3072 Cupit
777 3016 904 3074 regnum,
931 3012 959 3056 et
981 3003 1095 3074 quidem

160 3075 323 3134 “scelerate
337 3077 421 3150 cupit,
436 3077 483 3150 qui
506 3077 701 3132 transcendere
719 3077 830 3134 festinat
848 3079 974 3135 ordinem
996 3081 1093 3152 aetatis,

160 3163 178 3187 “
188 3163 301 3220 naturae,
316 3156 400 3212 moris
411 3155 608 3234 Macedonum,
620 3155 689 3229 juris
703 3155 836 3228 gentium.
876 3156 998 3214 ‘Obstat
1011 3160 1093 3216 frater

160 3230 282 3304 “majon
310 3233 344 3288 ad
370 3252 452 3306 quem
483 3233 554 3308 jure,
581 3233 719 3289 voluntate
745 3235 828 3290 etiam
854 3235 947 3308 patris,
975 3251 1126 3311 regnnnras

160 3309 314 3382 “pertinet
363 3311 505 3367 Toliatur:
540 3330 595 3367 non
617 3312 721 3384 primus
741 3331 858 3386 regnum
880 3313 1000 3370 sraternd
1015 3315 1092 3370 caede

160 3387 300 3460 “petiero.
340 3388 422 3445 Pater
434 3409 529 3460 senex,
553 3401 580 3445 et
594 3389 650 3445 filio
663 3389 737 3445 scius
756 3391 877 3457 orbatus,
899 3393 933 3447 de
954 3409 983 3448 se
1004 3393 1093 3466 magis

159 3469 176 3499 “
186 3465 302 3532 timebit,
326 3466 407 3540 quim
430 3477 459 3522 ut
481 3467 530 3524 filii
553 3485 651 3524 necem
674 3467 831 3525 ulciscatur.
872 3469 993 3526 Romani
1019 3470 1093 3526 iata·

160 3553 178 3579 “
189 3544 300 3611 buntur,
324 3545 489 3619 probabunt,
513 3545 662 3602 defendent
683 3545 805 3602 factum’
846 3545 900 3602 Hm
922 3567 983 3625 spes
1004 3547 1093 3605 incer·

159 3631 230 3687 “tae,
245 3633 331 3694 pater,
353 3622 402 3678 sed
425 3642 480 3680 non
502 3623 697 3680 inanescunt:
731 3624 770 3680 ita
792 3624 867 3680 enim
888 3643 918 3680 se
932 3645 976 3682 res
990 3627 1125 3690 habetne

159 3707 178 3733 “
188 3697 342 3771 periculum
356 3701 418 3756 vitae
439 3701 630 3778 propellere‘a
653 3719 697 3757 me
719 3712 806 3776 potes,
820 3703 961 3776 puniendo
974 3723 1030 3776 ecs,
1045 3705 1092 3778 qui

158 3783 177 3809 ‘⁶
187 3775 222 3832 ad
236 3791 280 3832 me
293 3776 516 3836 interficiendum
538 3779 638 3844 serrum
659 3791 853 3854 sumpserunt:
881 3782 904 3840 si
918 3781 1031 3842 facinori
1047 3801 1092 3840 ec-
1135 3821 1138 3834 ι
