2620 4200
1123 203 1136 242 Ι

465 347 565 404 LIBER
579 355 683 406 xxvll.
715 368 870 407 caumas.
1083 357 1142 418 219

212 495 281 556 dum
308 511 369 554 esse
391 489 571 554 descendenti
599 498 635 554 ab
658 497 785 573 Alpibus,
805 517 841 556 ne
860 497 955 556 Gallos
973 496 1140 571 Cisalpinos,

214 593 285 633 neve
297 575 445 646 Etruriam,
458 585 577 632 erectam
592 576 620 632 in
635 595 711 650 spem
734 595 825 634 rerum
848 592 990 641 novarum,
1013 575 1142 632 sollicita·

214 665 275 722 ret;
295 663 322 710 et
336 653 521 710 Hannibalem
534 671 584 709 suo
596 655 703 728 proprio
715 655 910 728 occupandum
921 653 1002 722 bello,
1010 671 1047 708 ne
1055 671 1142 710 emer-

214 749 280 806 gere
300 749 335 787 ex
354 731 476 800 Bruttiis,
498 740 578 804 atquc
603 731 713 788 obviim
737 731 811 788 fratri
831 732 882 797 ire,
903 729 1018 808 posset),
1046 729 1143 788 Livius

190 809 404 880 annectebatur,
430 827 525 882 parum
547 809 635 866 fidens
654 827 764 866 suarum
789 809 990 884 provinciarum
1016 808 1144 866 exerciti·
1233 879 1236 888 .

215 885 281 943 bus:
308 887 469 962 “collegam
492 905 526 943 ex
539 887 646 944 duobus
666 888 856 944 consularibus
877 886 996 962 egregiis
1015 885 1144 942 exerciti·

211 965 230 999 “
240 964 301 1035 bus,
315 975 344 1022 et
355 965 444 1031 tertio,
458 965 504 1021 cui
523 964 562 1024 Q.
587 965 721 1022 Claudius
744 965 859 1022 Tarenti
881 974 1019 1039 praesset,
1031 963 1143 1022 electio·

211 1043 302 1098 “nem
318 1043 418 1100 habere
431 1044 461 1099 :'’
495 1042 676 1116 intuleratque
689 1043 858 1100 mentionem
881 1044 916 1098 de
940 1041 1082 1098 volonibus
1102 1059 1143 1098 re-

211 1121 343 1177 vocandis
356 1121 390 1176 ad
404 1121 491 1195 signa.
533 1122 652 1177 Senatus
665 1121 778 1177 liberam
797 1131 958 1195 potestatem
982 1119 1142 1177 consulibus

181 1215 205 1256 tc
213 1196 288 1262 fecit,
302 1209 330 1255 et
342 1199 487 1273 supplendi
500 1199 574 1254 unde
588 1198 699 1271 vellent,
709 1209 737 1255 et
749 1199 870 1274 eligendi
881 1199 916 1254 de
924 1197 1053 1255 omnibus
1065 1215 1144 1255 exer·

212 1275 321 1345 eitibus,
332 1295 401 1348 quos
421 1276 531 1342 vellent,
552 1277 788 1350 permutandique,
809 1288 886 1334 etex
905 1275 1062 1350 provinciis,
1075 1293 1143 1348 quos

212 1370 230 1409 e
249 1371 278 1409 re
298 1354 408 1427 publica
427 1365 574 1411 censerent
593 1372 663 1422 esse,
683 1354 856 1411 traducendi.
903 1353 946 1410 Ea
964 1352 1059 1409 omnia
1078 1368 1144 1410 curn

212 1431 322 1486 summai
341 1431 489 1488 concordiis
508 1433 653 1488 consulum
674 1443 744 1490 acta.
785 1433 907 1490 Volones
920 1431 950 1488 iu
970 1430 1144 1488 undevicesi-

212 1525 286 1564 mum
300 1520 328 1567 et
342 1509 499 1565 vicesimam
519 1509 642 1584 legiones
661 1511 764 1585 scripti.
804 1511 898 1586 lllagni
922 1507 1027 1566 roboris
1040 1507 1144 1565 auxilia

181 1601 247 1643 tsex
260 1586 394 1660 Hispania
414 1605 520 1660 quoque
543 1607 561 1643 a
580 1588 611 1644 Ρ.
626 1589 757 1663 Scipione
781 1587 821 1645 Μ.
835 1588 914 1645 Livio
927 1587 1010 1644 missa
1029 1585 1143 1658 quidam

212 1662 246 1718 sd
260 1661 288 1718 id
304 1663 403 1718 bellum
418 1677 543 1721 auctores
556 1675 639 1721 sunt:
671 1676 734 1723 octo
748 1666 833 1723 millia
852 1666 1040 1740 Hispanorum
1052 1664 1144 1722 Gallo·

211 1757 335 1813 rumque,
358 1750 387 1796 et
408 1740 464 1797 duo
486 1741 571 1798 millia
584 1742 620 1798 de
635 1744 744 1818 legione
764 1743 891 1814 militum,
911 1743 1035 1816 equitum
1055 1738 1142 1808 mille,

134 1848 137 1857 ‹
210 1816 309 1874 mixtos
330 1817 467 1874 Numidas
490 1819 701 1894 Hispanosque:
736 1819 776 1877 ld.
800 1820 959 1878 Lucretium
978 1820 1028 1876 bas
1047 1819 1143 1893 copias
1218 1831 1225 1850 ’

211 1895 326 1950 navibus
338 1895 505 1952 adduxisse:
534 1907 562 1952 et
625 1898 775 1956 interiorum
789 1898 1013 1972 funditorumque
1027 1897 1062 1953 ad
1076 1915 1143 1970 qua·

175 1979 273 2032 sotuor
287 1971 371 2028 millia
383 1989 417 2027 ex
432 1972 526 2028 Sicilia
539 1973 572 2029 Ο.
589 1974 747 2044 ,amilium
757 1975 872 2032 misisse.

250 2125 392 2182 XXXIX.
423 2126 569 2184 Auxerunt
581 2127 680 2184 Rome
693 2128 839 2186 tumultum
853 2129 938 2187 literas
951 2147 986 2186 es
999 2127 1091 2186 Gallis
1105 2127 1143 2184 al·

211 2201 273 2259 latre
292 2205 327 2260 ab
341 2204 373 2261 L.
388 2204 485 2261 Porcio
498 2216 630 2278 pretore:
663 2204 891 2263 “Hasdrubalem
913 2206 1030 2264 movisse
1053 2224 1088 2262 ex
1101 2205 1144 2262 hi·

211 2282 230 2314 “
243 2282 343 2348 bernis,
357 2282 452 2356 etjam
465 2282 552 2356 Alpes
574 2283 708 2340 transire:
738 2293 802 2340 octo
821 2284 907 2340 millia
920 2283 1063 2358 Ligurum,
1077 2301 1144 2340 con·

211 2359 342 2434 “scripta
355 2371 521 2434 armataque,
538 2361 721 2436 conjunctura
741 2380 771 2417 se
794 2372 964 2436 transgresso
983 2360 1013 2417 in
1033 2359 1143 2418 Italiam

178 2438 310 2504 as“esse,
324 2437 377 2494 nisi
391 2438 544 2495 mitteretur
563 2439 591 2495 in
612 2438 738 2514 Ligures,
759 2439 805 2513 qui
825 2458 872 2496 eos
886 2439 957 2496 bello
976 2447 1141 2512 occuparet:

210 2518 229 2550 ‘⁴
240 2535 277 2583 se,
301 2533 366 2571 cum
388 2515 507 2572 invalide
520 2517 653 2584 exercitu,
668 2515 758 2590 quoad
779 2527 868 2574 tutum
889 2527 1006 2592 putaret,
1020 2533 1144 2591 progres-

210 2595 361 2650 “surum.”
402 2593 454 2650 He
480 2593 566 2650 literae
586 2595 724 2665 consules,
747 2595 845 2668 raptim
871 2595 999 2652 confecto
1022 2594 1142 2666 delectu,

210 2669 352 2736 maturids,
366 2669 448 2744 quim
460 2673 671 2738 constituerant,
686 2673 761 2728 exire
772 2673 801 2728 iu
815 2673 969 2747 provincias
979 2675 1140 2746 coegerunt,

211 2751 244 2804 ei
267 2757 369 2816 mente,
393 2757 423 2804 ut
443 2758 556 2822 uterque
577 2751 683 2806 hostem
703 2750 732 2806 in
746 2753 795 2806 sub
815 2750 957 2824 provincii
977 2750 1141 2820 contineret,

179 2841 301 2898 atomus
333 2824 475 2898 conjungi,
499 2840 546 2882 aut
570 2828 696 2896 conferre
726 2827 754 2883 in
783 2846 870 2884 unum
898 2827 968 2882 vires
994 2835 1141 2900 pateretur.

211 2902 364 2960 Plurimum
377 2901 406 2957 in
419 2918 480 2956 eam
494 2919 551 2958 rem
559 2904 668 2978 adjuvit
679 2905 773 2978 opinio
788 2903 971 2962 Hannibalis:
999 2900 1081 2976 qnod,
1101 2911 1144 2958 et-

210 2980 234 3038 si
247 2983 279 3036 ed
300 2989 394 3036 testate
414 2979 590 3036 transiturum
611 2981 646 3039 in*
660 2981 768 3038 Italiam
787 2983 897 3039 sratr'em
920 2978 1085 3045 crediderat,
1099 2997 1142 3036 re·

210 3058 351 3116 aurdando
363 3075 423 3130 quae
436 3056 494 3130 ipsc
508 3059 665 3115 intransitu
679 3079 756 3116 nunc
766 3058 909 3128 Rhodani,
925 3076 1001 3116 nunc
1016 3056 1139 3131 Alpium,

210 3153 275 3192 cum
289 3135 446 3192 hominibus
458 3134 579 3209 locisque
599 3138 748 3212 pugnando
761 3157 809 3212 per
822 3137 942 3210 quinque
965 3149 1074 3192 meuses
1093 3149 1143 3192 ex-

178 3213 353 3281 aebansisset
368 3213 577 3288 haudquaquam
592 3225 647 3271 tam
662 3215 771 3272 facilem
792 3225 982 3288 maturumque
995 3213 1140 3270 transitum

210 3291 394 3365 exspectabat.
434 3290 477 3346 Ea
502 3292 606 3350 tardids
628 3293 757 3350 movendi
776 3311 812 3350 ex
832 3293 955 3348 hibernis
974 3311 1060 3348 cansa
1079 3291 1139 3347 luit.

211 3367 354 3425 Caeterum
369 3367 536 3425 Hasdrubali
549 3380 578 3426 et
590 3374 638 3426 sut
653 3381 680 3426 ct
694 3369 807 3426 aliorum
831 3389 879 3444 spe
895 3370 989 3436 omnia
1008 3368 1141 3426 celeriora

211 3455 290 3518 atque
303 3444 474 3519 expeditiora
487 3447 575 3504 inbre.
614 3447 680 3505 Non
692 3449 776 3504 'enim
799 3464 963 3522 receperunt
982 3443 1063 3504 modo
1086 3448 1141 3502 Ar·

210 3523 287 3578 serui
300 3542 373 3592 eum,
387 3522 572 3599 deincepsque
585 3526 645 3582 aliae
665 3526 780 3582 Gallicae
800 3537 880 3600 atque
901 3526 1011 3601 Alpina
1024 3533 1139 3598 geutes3

179 3619 204 3662 u
212 3599 261 3656 sed
274 3601 356 3657 etiam
369 3611 472 3660 secutae
484 3614 549 3660 sunt
562 3604 595 3659 ad
610 3603 730 3661 bellumr
761 3614 789 3660 et
801 3622 884 3677 quum
902 3623 950 3679 per
963 3601 1071 3660 munita
1083 3601 1141 3677 ple-

211 3695 296 3751 raque
318 3679 434 3736 transitu
455 3681 553 3746 fratria
576 3700 637 3754 quae
663 3693 746 3740 antea
768 3682 842 3738 invia
862 3682 978 3746 fuerant,
999 3679 1139 3748 ducebat;

210 3767 270 3818 tum
283 3756 374 3827 etiam,
388 3757 534 3818 duodecim
549 3777 683 3818 annorum
703 3760 879 3818 assuetudine
899 3756 999 3834 perviis
1020 3757 1140 3832 Alpibus
