2638 4206
170 327 227 390 ιω
470 378 473 386 ,
549 325 616 378 rur
631 326 709 376 mvn

170 472 251 526 “nec
262 487 330 528 eum
343 466 523 538 Samnitibus,
536 487 601 528 oum
614 469 713 544 quibus
724 466 792 526 nihil
802 466 907 543 egistis.
926 467 1100 528 Samnitibus

170 551 343 622 “sponsores
363 567 413 606 uos
433 567 537 620 sumus,
550 547 590 604 rei
610 547 676 604 satis
700 546 859 621 locupletes.
911 545 1006 618 Iu-id,
1025 549 1100 622 quad
1138 539 1141 561 ¹

170 628 189 661 “
197 636 321 682 nostrum
331 635 392 693 est;
412 625 492 694 inid,
502 625 573 700 quod
582 636 871 701 prestarepossumus‚
879 643 995 698 corpora
1007 637 1104 684 nostra¹

171 705 189 738 ‘⁸
197 716 225 757 et
238 701 345 760 animos
357 723 365 770 3
379 703 406 760 iu
418 703 477 761 haec
487 701 618 772 saeviant5
632 703 660 760 iu
672 703 731 760 haec
740 702 852 768 serrum,
861 703 890 761 in
901 703 961 760 heo
970 703 1025 760 irus
1035 721 1100 762 acu-

170 783 189 816 “
198 789 254 835 ant.
281 779 367 840 Quod
377 781 412 837 ad
423 781 547 838 tribunos
555 780 659 850 attinet,
669 780 815 852 consulite,
824 778 913 838 utrum
921 799 1042 854 praseae
1053 782 1101 840 de·
1119 797 1132 838 t

169 861 189 894 “
198 857 265 914 ditio
279 876 374 916 eorum
388 857 447 914 fieri
461 858 554 936 possit,
568 877 603 914 au
615 858 643 915 in
656 858 730 914 diem
740 857 889 921 differatur.
909 857 969 914 Nos
977 858 1106 932 interum*

170 937 189 971 “
198 933 234 990 T.
248 935 356 1005 Veturi,
371 955 471 1010 vosque
485 937 586 1005 caeteri,
601 936 665 992 vilia
678 937 737 992 haec
753 935 844 1010 capita
856 935 965 994 tuende
978 937 1101 1010 sponsio-

170 1011 240 1069 “nis
254 1013 382 1081 seramus,
397 1025 425 1070 et
438 1025 529 1071 nostro
541 1014 675 1089 supplicio
691 1013 840 1071 liberemus
852 1012 982 1072 Romana
995 1015 1099 1074 arma.”

208 1167 246 1228 Χ,
268 1169 356 1228 Movit
369 1170 463 1228 Patres
476 1171 646 1246 conscriptos
659 1180 717 1228 tum
735 1189 829 1242 eausa,
842 1180 904 1232 tum
914 1181 1008 1232 auctor
1019 1191 1027 1240 ;
1046 1189 1101 1228 nec

170 1258 286 1306 caeteros
301 1247 399 1315 solum,
414 1251 463 1306 sed
476 1250 600 1308 tribunos
622 1249 704 1306 etiam
728 1249 827 1322 plebei,
849 1259 879 1304 ut
898 1267 928 1304 se
948 1249 976 1304 in
991 1250 1134 1308 seuatdsro

171 1327 297 1384 dicerent
312 1326 367 1382 sore
381 1337 522 1400 potestate.
563 1327 726 1402 Magistrum
741 1327 804 1383 inde
828 1345 857 1382 se
875 1326 1012 1401 extemplo
1025 1327 1101 1384 abdi·

171 1413 312 1473 caverunt,
325 1405 470 1480 traditique
485 1405 628 1462 socialibus
641 1423 706 1462 oum
726 1404 833 1460 caeteris
846 1403 984 1462 Caudium
998 1403 1101 1462 ducen-

170 1482 207 1538 di.
249 1483 312 1540 Hoc
321 1482 393 1540 facto
404 1484 660 1554 senatus-consulto,
671 1482 717 1538 lut
728 1483 853 1555 quedam
865 1481 998 1538 affulsisse
1009 1482 1101 1541 civita·

170 1561 192 1616 ti
206 1561 264 1618 visa
276 1571 326 1617 est.
367 1561 522 1618 Postumius
536 1562 623 1618 inore
637 1571 712 1628 erat3
736 1579 799 1616 eum
813 1559 943 1616 laudibus
955 1561 989 1616 ad
1001 1561 1099 1618 coelum
1138 1576 1143 1584 '

172 1637 315 1696 ferebant:
336 1639 473 1696 devotioni
487 1638 517 1696 P.
532 1640 613 1696 Decii
627 1639 757 1702 consulis,
769 1638 829 1694 aliis
840 1637 920 1693 claris
935 1638 1101 1694 facinoribus
1111 1655 1134 1694 15

171 1717 324 1788 aequabaut.
366 1723 384 1752 “
393 1717 545 1774 Emersisse
559 1717 697 1773 civitatem
711 1715 872 1772 exobnoxiit
881 1716 1111 1788 paceilliusoonv

172 1791 260 1849 “silio
273 1804 301 1848 et
313 1796 396 1868 opera
408 1813 414 1850 ι
436 1794 524 1868 ipsum
538 1813 567 1852 se
581 1793 750 1854 cruciatibus
766 1804 794 1850 et
805 1794 923 1850 hostium
939 1794 985 1852 irae
993 1794 1100 1860 offerre,
1163 1863 1165 1872 s

172 1871 361 1945 “piaculaque
374 1891 422 1946 pro
435 1872 535 1946 populo
548 1873 676 1929 Romano
690 1872 783 1927 dare.''
817 1873 904 1928 Arma
917 1872 1011 1930 cuncti
1026 1891 1102 1946 spec·
1151 1896 1155 1938 ς

172 1959 232 2006 tant
246 1960 274 2007 et
287 1949 397 2006 beilum.
438 1956 456 1986 “
468 1950 512 2006 En
527 1969 646 2025 unquam
668 1949 797 2026 futurum,
819 1960 849 2007 ut
862 1951 994 2024 congredi
1017 1969 1103 2006 arma·
1143 1946 1155 1994 ,³

173 2027 235 2084 “tis
249 2046 314 2084 oum
328 2028 452 2084 Samnite
466 2028 567 2086 lioeati
577 2029 592 2055 '’
635 2028 667 2084 In
682 2028 792 2084 civitate
806 2029 844 2083 ira
866 2029 983 2101 odioque
1007 2029 1136 2086 arden-ea

171 2115 209 2176 te,
220 2105 344 2162 delectus
357 2105 439 2181 prope*
452 2106 575 2164 omnium
590 2105 803 2164 voluntariorum
816 2105 885 2164 suit:
917 2107 1056 2180 rescriptae
1069 2125 1104 2163 ex

172 2184 270 2240 eodem
286 2182 371 2242 milite
385 2203 461 2240 novar
484 2185 618 2260 legiones,
642 2185 794 2258 ductusque
817 2185 851 2240 ad
875 2184 1103 2242 Caudiumexer·

173 2261 252 2318 citus.
294 2261 440 2337 Praegressi
455 2262 576 2330 sociales,
590 2263 638 2320 ubi
650 2263 685 2319 ad
699 2275 802 2336 portam
817 2265 928 2328 rendre,
943 2272 1045 2318 vestem
1058 2263 1103 2318 de-

173 2339 243 2396 trahi
257 2341 334 2414 pacis
347 2341 522 2414 sponsoribus
539 2341 646 2417 jubent,
670 2359 769 2398 manus
789 2350 850 2414 post
869 2352 975 2414 tergum
997 2340 1102 2396 vinciri.

172 2413 270 2477 Quum
285 2418 419 2492 apparitor
434 2419 600 2475 verecundia
613 2419 762 2493 majestatis
783 2419 954 2476 Postumium
967 2417 1030 2474 laxe
1046 2418 1137 2477 riu-as

174 2495 255 2560 ciret,
277 2501 294 2531 ‘'·
305 2495 386 2556 Quin
399 2496 458 2565 tu,”
470 2496 565 2569 iuquit,
586 2497 728 2554 “adducis
741 2497 837 2564 lorum,
859 2506 889 2552 ut
906 2496 980 2571 justa
991 2496 1039 2553 fiat
1058 2497 1104 2552 de-

174 2572 318 2628 “ditior’'
360 2573 445 2644 Tum,
469 2574 516 2630 ubi
537 2575 565 2630 in
589 2586 691 2632 coetum
716 2573 882 2630 Samnitium
896 2586 924 2632 et
937 2575 971 2630 ad
986 2574 1104 2631 tribuual

173 2661 287 2706 uentum
310 2650 401 2708 Pontii
427 2662 477 2723 est,
492 2652 528 2708 A.
550 2652 696 2709 Cornelius
720 2653 826 2709 Arvina
846 2651 1002 2710 fecialisita
1022 2651 1104 2708 verba
1152 2661 1156 2666 '

174 2726 259 2784 fecit:
290 2728 491 2804 “Quandoque
515 2731 578 2788 hice
599 2731 725 2788 homines
748 2730 853 2804 injussu
874 2731 967 2805 populi
983 2729 1103 2788 Romani

175 2806 355 2867 “Quiritium
380 2807 468 2864 soedus
490 2807 575 2864 ictum
598 2807 637 2864 iri
652 2808 866 2883 spoponderunt,
888 2820 968 2882 atque
988 2809 1023 2866 ob
1043 2819 1138 2864 eamao
1164 2831 1172 2850 ι

175 2887 194 2921 “
203 2903 261 2942 rem
275 2905 374 2942 nouam
389 2897 562 2955 nocueruut3
594 2887 704 2948 obeam
725 2905 792 2952 rem,
806 2885 860 2959 qud
874 2887 989 2962 populus
1002 2887 1116 2942 Roma-v
1207 2885 1211 2890 ’

175 2967 194 2998 “
203 2983 256 3020 uus
276 2965 380 3021 scelere
394 2964 477 3038 impio
500 2964 535 3021 sit
548 2964 661 3032 solutus,
676 2966 759 3021 hosce
777 2965 902 3022 homines
916 2965 991 3021 uobis
1004 2963 1104 3020 dedo‚'’
1233 2978 1238 2986 ·

175 3039 246 3097 Haeo
260 3042 364 3099 dicenti
379 3042 469 3100 sociali
482 3040 638 3098 Postumius
660 3061 734 3116 genu
758 3041 855 3114 fomur,
869 3042 971 3115 quantit
984 3038 1118 3096 maximei-

174 3128 282 3192 poterat
295 3120 330 3184 vi,
344 3120 470 3194 perculit,
492 3129 520 3178 et
532 3119 606 3176 clara
622 3138 688 3176 voce
702 3119 748 3188 ait,
770 3124 788 3155 “
797 3138 827 3174 se
848 3119 1000 3176 Samnitem
1014 3117 1103 3174 civem

175 3198 195 3230 ‘·'
203 3213 274 3263 esse,
289 3197 366 3253 illum
379 3197 517 3272 legatum3
538 3196 664 3254 socialem
678 3215 695 3252 a
708 3215 738 3254 se
751 3208 847 3254 contra
855 3195 901 3272 jus
912 3196 1036 3271 gentium
1049 3196 1138 3254 vio-as

175 3273 278 3344 latum;
299 3272 332 3330 ed
343 3274 444 3349 justius
457 3275 558 3333 bellum
571 3275 723 3350 gesturoe.’'

214 3429 269 3490 XI.
290 3430 366 3488 Tum
388 3431 511 3506 Pontius,
532 3435 550 3467 “
562 3432 625 3490 Neo
638 3451 691 3508 ego
713 3433 792 3492 istam
813 3432 980 3492 deditionem
1005 3431 1107 3508 accipi·

176 3511 195 3546 “
202 3510 278 3584 am,”
292 3509 390 3584 inquit,
411 3515 428 3546 ‘⁶
438 3531 491 3569 uec
505 3511 644 3569 Samnites
664 3521 751 3568 ratam
774 3512 924 3570 habebunt.
962 3509 1043 3589 Quin
1066 3522 1105 3579 tu,
1140 3547 1142 3554 =

176 3590 196 3624 ‘⁶
207 3588 254 3661 Sp.
266 3588 397 3656 Postumi,
411 3590 435 3646 si
460 3590 536 3648 Deos
555 3608 616 3646 essa
639 3607 748 3662 censes,
761 3602 808 3646 aut
820 3589 914 3647 omnia
934 3589 1011 3646 irrita
1028 3587 1107 3660 iacis,

176 3666 252 3721 “aut
264 3678 344 3739 pacto
357 3667 432 3722 stas?
473 3667 591 3725 Samniti
604 3667 704 3742 populo
716 3687 824 3733 omnes,
843 3686 912 3741 quos
931 3667 960 3725 in
974 3677 1106 3743 potestate
1115 3680 1140 3719 tu

170 3745 196 3814 .“
203 3741 308 3811 habuit,
323 3753 370 3801 aut
383 3745 485 3822 praeis
498 3763 551 3820 par
564 3745 688 3803 debetur.
729 3746 785 3804 Sed
798 3745 864 3820 quid
877 3764 930 3821 ego
943 3757 970 3804 te
991 3742 1105 3821 appello,
1120 3773 1123 3780 ·

271 3837 278 3866 i
