<?xml version="1.0" encoding="UTF-8"?>
<!DOCTYPE html PUBLIC "-//W3C//DTD XHTML 1.0 Transitional//EN"
    "http://www.w3.org/TR/xhtml1/DTD/xhtml1-transitional.dtd">
<html xmlns="http://www.w3.org/1999/xhtml" xml:lang="en" lang="en">
 <head>
  <title>
</title>
<meta http-equiv="Content-Type" content="text/html;charset=utf-8" />
  <meta name='ocr-system' content='tesseract 3.04.00' />
  <meta name='ocr-capabilities' content='ocr_page ocr_carea ocr_par ocr_line ocrx_word'/>
</head>
<body>
  <div class='ocr_page' id='page_1' title='image "./historiarumetse04livygoog_0271.png"; bbox 0 0 2620 4200; ppageno 0'>
   <div class='ocr_carea' id='block_1_1' title="bbox 195 323 747 387">
    <p class='ocr_par' dir='ltr' id='par_1_1' title="bbox 195 323 747 387">
     <span class='ocr_line' id='line_1_1' title="bbox 195 323 747 387; baseline -0.031 1"><span class='ocrx_word' id='word_1_1' title='bbox 195 327 255 387; x_wconf 68' lang='lat'><strong>24⁰</strong></span> <span class='ocrx_word' id='word_1_2' title='bbox 582 323 649 374; x_wconf 77' lang='lat' dir='ltr'><strong>t&#39;trt</strong></span> <span class='ocrx_word' id='word_1_3' title='bbox 664 323 747 374; x_wconf 80' lang='lat' dir='ltr'><strong>Ltvn</strong></span> 
     </span>
    </p>
   </div>
   <div class='ocr_carea' id='block_1_2' title="bbox 186 453 1157 2088">
    <p class='ocr_par' dir='ltr' id='par_1_2' title="bbox 186 453 1157 2088">
     <span class='ocr_line' id='line_1_2' title="bbox 197 453 1130 540; baseline -0.004 -14"><span class='ocrx_word' id='word_1_4' title='bbox 197 467 329 539; x_wconf 74' lang='lat' dir='ltr'>hostibus,</span> <span class='ocrx_word' id='word_1_5' title='bbox 337 463 554 524; x_wconf 81' lang='lat' dir='ltr'><strong>simuieumsuis</strong></span> <span class='ocrx_word' id='word_1_6' title='bbox 564 474 728 540; x_wconf 75' lang='lat' dir='ltr'><strong>cogerentur</strong></span> <span class='ocrx_word' id='word_1_7' title='bbox 736 477 881 522; x_wconf 70' lang='lat' dir='ltr'><strong>conserere</strong></span> <span class='ocrx_word' id='word_1_8' title='bbox 888 479 1003 520; x_wconf 85' lang='lat' dir='ltr'><strong>manus:</strong></span> <span class='ocrx_word' id='word_1_9' title='bbox 1016 480 1073 520; x_wconf 92' lang='lat' dir='ltr'><strong>non</strong></span> <span class='ocrx_word' id='word_1_10' title='bbox 1081 453 1130 522; x_wconf 85' lang='lat' dir='ltr'><strong>ta·¹</strong></span> 
     </span>
     <span class='ocr_line' id='line_1_3' title="bbox 196 540 1122 619; baseline -0.004 -17"><span class='ocrx_word' id='word_1_11' title='bbox 196 562 261 602; x_wconf 84' lang='lat' dir='ltr'><strong>men</strong></span> <span class='ocrx_word' id='word_1_12' title='bbox 274 546 311 602; x_wconf 86' lang='lat' dir='ltr'><strong>ita</strong></span> <span class='ocrx_word' id='word_1_13' title='bbox 323 543 463 619; x_wconf 75' lang='lat' dir='ltr'><strong>percuhm</strong></span> <span class='ocrx_word' id='word_1_14' title='bbox 476 543 610 616; x_wconf 88' lang='lat' dir='ltr'><strong>iratosque</strong></span> <span class='ocrx_word' id='word_1_15' title='bbox 623 543 652 598; x_wconf 94' lang='lat' dir='ltr'><strong>in</strong></span> <span class='ocrx_word' id='word_1_16' title='bbox 666 543 755 600; x_wconf 88' lang='lat' dir='ltr'><strong>aciem</strong></span> <span class='ocrx_word' id='word_1_17' title='bbox 769 542 918 615; x_wconf 64' lang='grc' dir='ltr'><strong>παρέης</strong></span> <span class='ocrx_word' id='word_1_18' title='bbox 931 540 991 613; x_wconf 89' lang='lat' dir='ltr'><strong>sed,</strong></span> <span class='ocrx_word' id='word_1_19' title='bbox 999 540 1122 600; x_wconf 82' lang='lat' dir='ltr'><strong>densatis</strong></span> 
     </span>
     <span class='ocr_line' id='line_1_4' title="bbox 194 615 1122 693; baseline -0.003 -14"><span class='ocrx_word' id='word_1_20' title='bbox 194 622 345 693; x_wconf 79' lang='lat' dir='ltr'><strong>ordinibus,</strong></span> <span class='ocrx_word' id='word_1_21' title='bbox 357 621 387 677; x_wconf 88' lang='lat' dir='ltr'><strong>in</strong></span> <span class='ocrx_word' id='word_1_22' title='bbox 396 639 501 678; x_wconf 83' lang='lat' dir='ltr'><strong>cornua</strong></span> <span class='ocrx_word' id='word_1_23' title='bbox 509 619 763 693; x_wconf 73' lang='lat' dir='ltr'><strong>vacuumquecirci</strong></span> <span class='ocrx_word' id='word_1_24' title='bbox 774 636 901 692; x_wconf 89' lang='lat' dir='ltr'><strong>campum</strong></span> <span class='ocrx_word' id='word_1_25' title='bbox 909 628 987 674; x_wconf 87' lang='lat' dir='ltr'><strong>extra</strong></span> <span class='ocrx_word' id='word_1_26' title='bbox 994 615 1122 693; x_wconf 74' lang='lat' dir='ltr'><strong>praelium</strong></span> 
     </span>
     <span class='ocr_line' id='line_1_5' title="bbox 194 695 1123 774; baseline -0.003 -19"><span class='ocrx_word' id='word_1_27' title='bbox 194 699 311 774; x_wconf 71' lang='lat' dir='ltr'><strong>ejecere,</strong></span> <span class='ocrx_word' id='word_1_28' title='bbox 321 717 356 755; x_wconf 88' lang='lat' dir='ltr'><strong>ne</strong></span> <span class='ocrx_word' id='word_1_29' title='bbox 365 697 476 772; x_wconf 87' lang='lat' dir='ltr'><strong>pavidos</strong></span> <span class='ocrx_word' id='word_1_30' title='bbox 484 697 549 772; x_wconf 66' lang='lat' dir='ltr'><strong>fugi</strong></span> <span class='ocrx_word' id='word_1_31' title='bbox 560 697 769 769; x_wconf 81' lang='lat' dir='ltr'><strong>uulneribusque</strong></span> <span class='ocrx_word' id='word_1_32' title='bbox 777 696 877 753; x_wconf 82' lang='lat' dir='ltr'><strong>milites</strong></span> <span class='ocrx_word' id='word_1_33' title='bbox 886 695 915 752; x_wconf 90' lang='lat' dir='ltr'><strong>iu</strong></span> <span class='ocrx_word' id='word_1_34' title='bbox 926 705 1031 752; x_wconf 86' lang='lat' dir='ltr'><strong>cartam</strong></span> <span class='ocrx_word' id='word_1_35' title='bbox 1040 705 1069 752; x_wconf 92' lang='lat' dir='ltr'><strong>et</strong></span> <span class='ocrx_word' id='word_1_36' title='bbox 1079 695 1123 752; x_wconf 89' lang='lat' dir='ltr'><strong>in·</strong></span> 
     </span>
     <span class='ocr_line' id='line_1_6' title="bbox 194 772 1157 850; baseline -0.006 -18"><span class='ocrx_word' id='word_1_37' title='bbox 194 786 299 850; x_wconf 85' lang='lat' dir='ltr'><strong>tegram</strong></span> <span class='ocrx_word' id='word_1_38' title='bbox 308 776 396 832; x_wconf 85' lang='lat' dir='ltr'><strong>aciem</strong></span> <span class='ocrx_word' id='word_1_39' title='bbox 404 775 560 832; x_wconf 89' lang='lat' dir='ltr'><strong>miscerent.</strong></span> <span class='ocrx_word' id='word_1_40' title='bbox 581 773 722 830; x_wconf 73' lang='lat' dir='ltr'><strong>Caeterum</strong></span> <span class='ocrx_word' id='word_1_41' title='bbox 730 772 1070 846; x_wconf 81' lang='lat' dir='ltr'><strong>tentastrageshomiuum</strong></span> <span class='ocrx_word' id='word_1_42' title='bbox 1080 776 1157 830; x_wconf 70' lang='lat' dir='ltr'><strong>ar-s&#39;</strong></span> 
     </span>
     <span class='ocr_line' id='line_1_7' title="bbox 193 848 1123 926; baseline -0.002 -18"><span class='ocrx_word' id='word_1_43' title='bbox 193 871 354 926; x_wconf 89' lang='lat' dir='ltr'><strong>murumque</strong></span> <span class='ocrx_word' id='word_1_44' title='bbox 367 852 467 918; x_wconf 87' lang='lat' dir='ltr'><strong>iocum,</strong></span> <span class='ocrx_word' id='word_1_45' title='bbox 479 852 507 908; x_wconf 91' lang='lat' dir='ltr'><strong>in</strong></span> <span class='ocrx_word' id='word_1_46' title='bbox 519 870 574 924; x_wconf 91' lang='lat' dir='ltr'><strong>quo</strong></span> <span class='ocrx_word' id='word_1_47' title='bbox 582 861 712 910; x_wconf 86' lang='lat' dir='ltr'><strong>steterant</strong></span> <span class='ocrx_word' id='word_1_48' title='bbox 719 848 801 926; x_wconf 85' lang='lat' dir='ltr'><strong>peuld</strong></span> <span class='ocrx_word' id='word_1_49' title='bbox 809 849 873 906; x_wconf 74' lang='lat' dir='ltr'><strong>ante</strong></span> <span class='ocrx_word' id='word_1_50' title='bbox 884 849 1037 915; x_wconf 81' lang='lat' dir='ltr'><strong>auxiliares,</strong></span> <span class='ocrx_word' id='word_1_51' title='bbox 1046 868 1123 906; x_wconf 90' lang='lat' dir='ltr'><strong>corn·</strong></span> 
     </span>
     <span class='ocr_line' id='line_1_8' title="bbox 193 925 1123 1004; baseline -0.002 -18"><span class='ocrx_word' id='word_1_52' title='bbox 193 930 322 1004; x_wconf 86' lang='lat' dir='ltr'><strong>pleverat,</strong></span> <span class='ocrx_word' id='word_1_53' title='bbox 337 941 367 986; x_wconf 92' lang='lat' dir='ltr'><strong>ut</strong></span> <span class='ocrx_word' id='word_1_54' title='bbox 380 932 464 1003; x_wconf 77' lang='lat' dir='ltr'><strong>prope</strong></span> <span class='ocrx_word' id='word_1_55' title='bbox 486 929 622 986; x_wconf 89' lang='lat' dir='ltr'><strong>difficilior</strong></span> <span class='ocrx_word' id='word_1_56' title='bbox 645 929 774 984; x_wconf 88' lang='lat' dir='ltr'><strong>transitus</strong></span> <span class='ocrx_word' id='word_1_57' title='bbox 785 937 871 998; x_wconf 82' lang='lat' dir='ltr'><strong>esset,</strong></span> <span class='ocrx_word' id='word_1_58' title='bbox 893 925 975 1001; x_wconf 78' lang='lat' dir='ltr'><strong>quim</strong></span> <span class='ocrx_word' id='word_1_59' title='bbox 995 944 1042 1001; x_wconf 86' lang='lat' dir='ltr'><strong>per</strong></span> <span class='ocrx_word' id='word_1_60' title='bbox 1054 945 1123 984; x_wconf 90' lang='lat' dir='ltr'><strong>cou-</strong></span> 
     </span>
     <span class='ocr_line' id='line_1_9' title="bbox 193 1003 1122 1079; baseline -0.003 -17"><span class='ocrx_word' id='word_1_61' title='bbox 193 1007 277 1064; x_wconf 88' lang='lat' dir='ltr'><strong>fertos</strong></span> <span class='ocrx_word' id='word_1_62' title='bbox 300 1008 390 1064; x_wconf 87' lang='lat' dir='ltr'><strong>hostes</strong></span> <span class='ocrx_word' id='word_1_63' title='bbox 410 1006 505 1063; x_wconf 85' lang='lat' dir='ltr'><strong>suerat.</strong></span> <span class='ocrx_word' id='word_1_64' title='bbox 545 1005 651 1078; x_wconf 90' lang='lat' dir='ltr'><strong>ltaque,</strong></span> <span class='ocrx_word' id='word_1_65' title='bbox 671 1005 718 1079; x_wconf 88' lang='lat' dir='ltr'><strong>qui</strong></span> <span class='ocrx_word' id='word_1_66' title='bbox 741 1003 821 1079; x_wconf 90' lang='lat' dir='ltr'><strong>primi</strong></span> <span class='ocrx_word' id='word_1_67' title='bbox 841 1013 929 1070; x_wconf 89' lang='lat' dir='ltr'><strong>erant,</strong></span> <span class='ocrx_word' id='word_1_68' title='bbox 943 1003 1050 1070; x_wconf 90' lang='lat' dir='ltr'><strong>hastati,</strong></span> <span class='ocrx_word' id='word_1_69' title='bbox 1070 1023 1122 1078; x_wconf 91' lang='lat' dir='ltr'><strong>per</strong></span> 
     </span>
     <span class='ocr_line' id='line_1_10' title="bbox 191 1080 1122 1163; baseline -0.002 -23"><span class='ocrx_word' id='word_1_70' title='bbox 191 1085 319 1163; x_wconf 83' lang='lat' dir='ltr'><strong>cumulos</strong></span> <span class='ocrx_word' id='word_1_71' title='bbox 344 1101 487 1157; x_wconf 91' lang='lat' dir='ltr'><strong>corporum</strong></span> <span class='ocrx_word' id='word_1_72' title='bbox 513 1101 703 1158; x_wconf 84' lang='lat' dir='ltr'><strong>armorumque</strong></span> <span class='ocrx_word' id='word_1_73' title='bbox 723 1093 751 1139; x_wconf 93' lang='lat' dir='ltr'><strong>et</strong></span> <span class='ocrx_word' id='word_1_74' title='bbox 770 1083 862 1138; x_wconf 89' lang='lat' dir='ltr'><strong>tabem</strong></span> <span class='ocrx_word' id='word_1_75' title='bbox 884 1080 1034 1156; x_wconf 84' lang='lat' dir='ltr'><strong>sanguinis,</strong></span> <span class='ocrx_word' id='word_1_76' title='bbox 1064 1082 1122 1155; x_wconf 72' lang='lat' dir='ltr'><strong>qua</strong></span> 
     </span>
     <span class='ocr_line' id='line_1_11' title="bbox 190 1158 1155 1236; baseline -0.002 -18"><span class='ocrx_word' id='word_1_77' title='bbox 190 1162 305 1234; x_wconf 91' lang='lat' dir='ltr'><strong>quisque</strong></span> <span class='ocrx_word' id='word_1_78' title='bbox 318 1171 431 1236; x_wconf 87' lang='lat' dir='ltr'><strong>poterat,</strong></span> <span class='ocrx_word' id='word_1_79' title='bbox 445 1171 590 1234; x_wconf 87' lang='lat' dir='ltr'><strong>sequentes</strong></span> <span class='ocrx_word' id='word_1_80' title='bbox 613 1161 728 1227; x_wconf 88' lang='lat' dir='ltr'><strong>hostem,</strong></span> <span class='ocrx_word' id='word_1_81' title='bbox 747 1170 775 1218; x_wconf 89' lang='lat' dir='ltr'><strong>et</strong></span> <span class='ocrx_word' id='word_1_82' title='bbox 787 1159 866 1234; x_wconf 85' lang='lat' dir='ltr'><strong>signa</strong></span> <span class='ocrx_word' id='word_1_83' title='bbox 885 1170 914 1217; x_wconf 89' lang='lat' dir='ltr'><strong>et</strong></span> <span class='ocrx_word' id='word_1_84' title='bbox 925 1158 1035 1215; x_wconf 80' lang='lat' dir='ltr'><strong>ordines</strong></span> <span class='ocrx_word' id='word_1_85' title='bbox 1054 1171 1155 1216; x_wconf 83' lang='lat' dir='ltr'><strong>con-1⁰</strong></span> 
     </span>
     <span class='ocr_line' id='line_1_12' title="bbox 193 1236 1121 1313; baseline -0.003 -19"><span class='ocrx_word' id='word_1_86' title='bbox 193 1239 338 1296; x_wconf 83' lang='lat' dir='ltr'><strong>fuderunt:</strong></span> <span class='ocrx_word' id='word_1_87' title='bbox 367 1238 522 1313; x_wconf 81' lang='lat' dir='ltr'><strong>principum</strong></span> <span class='ocrx_word' id='word_1_88' title='bbox 533 1255 642 1311; x_wconf 89' lang='lat' dir='ltr'><strong>quoque</strong></span> <span class='ocrx_word' id='word_1_89' title='bbox 655 1238 735 1312; x_wconf 85' lang='lat' dir='ltr'><strong>signa</strong></span> <span class='ocrx_word' id='word_1_90' title='bbox 757 1236 884 1293; x_wconf 89' lang='lat' dir='ltr'><strong>fluctuari</strong></span> <span class='ocrx_word' id='word_1_91' title='bbox 904 1245 1054 1310; x_wconf 74' lang='lat' dir='ltr'><strong>eruperant,</strong></span> <span class='ocrx_word' id='word_1_92' title='bbox 1075 1255 1121 1292; x_wconf 82' lang='lat' dir='ltr'><strong>va·</strong></span> 
     </span>
     <span class='ocr_line' id='line_1_13' title="bbox 189 1313 1120 1390; baseline -0.002 -18"><span class='ocrx_word' id='word_1_93' title='bbox 189 1333 256 1390; x_wconf 77' lang='lat' dir='ltr'><strong>garn</strong></span> <span class='ocrx_word' id='word_1_94' title='bbox 270 1327 333 1373; x_wconf 91' lang='lat' dir='ltr'><strong>ante</strong></span> <span class='ocrx_word' id='word_1_95' title='bbox 346 1334 375 1372; x_wconf 89' lang='lat' dir='ltr'><strong>se</strong></span> <span class='ocrx_word' id='word_1_96' title='bbox 394 1315 536 1371; x_wconf 85' lang='lat' dir='ltr'><strong>cernendo</strong></span> <span class='ocrx_word' id='word_1_97' title='bbox 551 1315 649 1371; x_wconf 88' lang='lat' dir='ltr'><strong>aciem.</strong></span> <span class='ocrx_word' id='word_1_98' title='bbox 688 1315 775 1376; x_wconf 84' lang='lat' dir='ltr'><strong>Quod</strong></span> <span class='ocrx_word' id='word_1_99' title='bbox 798 1314 893 1388; x_wconf 86' lang='lat' dir='ltr'><strong>Scipio</strong></span> <span class='ocrx_word' id='word_1_100' title='bbox 913 1313 960 1369; x_wconf 91' lang='lat' dir='ltr'><strong>ubi</strong></span> <span class='ocrx_word' id='word_1_101' title='bbox 980 1313 1057 1383; x_wconf 90' lang='lat' dir='ltr'><strong>vidit,</strong></span> <span class='ocrx_word' id='word_1_102' title='bbox 1077 1332 1120 1370; x_wconf 89' lang='lat' dir='ltr'><strong>re·</strong></span> 
     </span>
     <span class='ocr_line' id='line_1_14' title="bbox 189 1389 1120 1468; baseline -0.005 -18"><span class='ocrx_word' id='word_1_103' title='bbox 189 1393 285 1468; x_wconf 89' lang='lat' dir='ltr'><strong>ceptui</strong></span> <span class='ocrx_word' id='word_1_104' title='bbox 296 1393 410 1467; x_wconf 66' lang='lat' dir='ltr'><strong>propera}</strong></span> <span class='ocrx_word' id='word_1_105' title='bbox 424 1410 524 1449; x_wconf 84' lang='lat' dir='ltr'><strong>canere</strong></span> <span class='ocrx_word' id='word_1_106' title='bbox 537 1392 651 1448; x_wconf 88' lang='lat' dir='ltr'><strong>hastatis</strong></span> <span class='ocrx_word' id='word_1_107' title='bbox 666 1393 765 1467; x_wconf 86' lang='lat' dir='ltr'><strong>jussit:</strong></span> <span class='ocrx_word' id='word_1_108' title='bbox 798 1400 833 1459; x_wconf 83' lang='lat' dir='ltr'><strong>et,</strong></span> <span class='ocrx_word' id='word_1_109' title='bbox 857 1390 959 1447; x_wconf 86' lang='lat' dir='ltr'><strong>sauciis</strong></span> <span class='ocrx_word' id='word_1_110' title='bbox 976 1389 1005 1446; x_wconf 92' lang='lat' dir='ltr'><strong>in</strong></span> <span class='ocrx_word' id='word_1_111' title='bbox 1020 1401 1120 1464; x_wconf 88' lang='lat' dir='ltr'><strong>postre-</strong></span> 
     </span>
     <span class='ocr_line' id='line_1_15' title="bbox 190 1467 1118 1544; baseline -0.003 -18"><span class='ocrx_word' id='word_1_112' title='bbox 190 1489 265 1527; x_wconf 89' lang='lat' dir='ltr'><strong>mam</strong></span> <span class='ocrx_word' id='word_1_113' title='bbox 279 1471 367 1528; x_wconf 84' lang='lat' dir='ltr'><strong>aciem</strong></span> <span class='ocrx_word' id='word_1_114' title='bbox 380 1469 533 1535; x_wconf 87' lang='lat' dir='ltr'><strong>subductis,</strong></span> <span class='ocrx_word' id='word_1_115' title='bbox 546 1469 685 1544; x_wconf 85' lang='lat' dir='ltr'><strong>principes</strong></span> <span class='ocrx_word' id='word_1_116' title='bbox 706 1469 866 1542; x_wconf 81' lang='lat' dir='ltr'><strong>triariosque</strong></span> <span class='ocrx_word' id='word_1_117' title='bbox 880 1468 908 1524; x_wconf 95' lang='lat' dir='ltr'><strong>in</strong></span> <span class='ocrx_word' id='word_1_118' title='bbox 922 1484 1026 1524; x_wconf 90' lang='lat' dir='ltr'><strong>cornua</strong></span> <span class='ocrx_word' id='word_1_119' title='bbox 1039 1467 1118 1523; x_wconf 93' lang='lat' dir='ltr'><strong>indu·</strong></span> 
     </span>
     <span class='ocr_line' id='line_1_16' title="bbox 189 1545 1153 1622; baseline -0.002 -18"><span class='ocrx_word' id='word_1_120' title='bbox 189 1548 249 1615; x_wconf 85' lang='lat' dir='ltr'><strong>cit;</strong></span> <span class='ocrx_word' id='word_1_121' title='bbox 281 1567 334 1622; x_wconf 91' lang='lat' dir='ltr'><strong>quo</strong></span> <span class='ocrx_word' id='word_1_122' title='bbox 357 1547 439 1605; x_wconf 90' lang='lat' dir='ltr'><strong>tutior</strong></span> <span class='ocrx_word' id='word_1_123' title='bbox 459 1546 615 1620; x_wconf 83' lang='lat' dir='ltr'><strong>firmiorque</strong></span> <span class='ocrx_word' id='word_1_124' title='bbox 641 1547 732 1604; x_wconf 90' lang='lat' dir='ltr'><strong>media</strong></span> <span class='ocrx_word' id='word_1_125' title='bbox 756 1547 923 1603; x_wconf 72' lang='lat' dir='ltr'><strong>hastatorum</strong></span> <span class='ocrx_word' id='word_1_126' title='bbox 943 1545 1153 1604; x_wconf 81' lang='lat' dir='ltr'><strong>aciesesset.1s</strong></span> 
     </span>
     <span class='ocr_line' id='line_1_17' title="bbox 190 1622 1120 1699; baseline -0.003 -18"><span class='ocrx_word' id='word_1_127' title='bbox 190 1624 347 1682; x_wconf 87' lang='lat' dir='ltr'><strong>Itanorum</strong></span> <span class='ocrx_word' id='word_1_128' title='bbox 360 1625 517 1699; x_wconf 81' lang='lat' dir='ltr'><strong>deintegro</strong></span> <span class='ocrx_word' id='word_1_129' title='bbox 539 1624 665 1698; x_wconf 83' lang='lat' dir='ltr'><strong>proelium</strong></span> <span class='ocrx_word' id='word_1_130' title='bbox 687 1635 776 1680; x_wconf 88' lang='lat' dir='ltr'><strong>ortum</strong></span> <span class='ocrx_word' id='word_1_131' title='bbox 789 1633 848 1678; x_wconf 89' lang='lat' dir='ltr'><strong>est:</strong></span> <span class='ocrx_word' id='word_1_132' title='bbox 878 1623 978 1697; x_wconf 89' lang='lat' dir='ltr'><strong>quippe</strong></span> <span class='ocrx_word' id='word_1_133' title='bbox 992 1622 1120 1678; x_wconf 84' lang='lat' dir='ltr'><strong>adverus</strong></span> 
     </span>
     <span class='ocr_line' id='line_1_18' title="bbox 191 1699 1117 1775; baseline -0.002 -18"><span class='ocrx_word' id='word_1_134' title='bbox 191 1702 283 1757; x_wconf 89' lang='lat' dir='ltr'><strong>hostes</strong></span> <span class='ocrx_word' id='word_1_135' title='bbox 303 1713 462 1775; x_wconf 80' lang='lat' dir='ltr'><strong>perventum</strong></span> <span class='ocrx_word' id='word_1_136' title='bbox 484 1712 551 1771; x_wconf 87' lang='lat' dir='ltr'><strong>erat,</strong></span> <span class='ocrx_word' id='word_1_137' title='bbox 574 1711 602 1757; x_wconf 91' lang='lat' dir='ltr'><strong>et</strong></span> <span class='ocrx_word' id='word_1_138' title='bbox 616 1719 751 1757; x_wconf 89' lang='lat' dir='ltr'><strong>armorum</strong></span> <span class='ocrx_word' id='word_1_139' title='bbox 765 1717 876 1773; x_wconf 85' lang='lat' dir='ltr'><strong>genere,</strong></span> <span class='ocrx_word' id='word_1_140' title='bbox 890 1711 918 1756; x_wconf 91' lang='lat' dir='ltr'><strong>et</strong></span> <span class='ocrx_word' id='word_1_141' title='bbox 931 1718 984 1756; x_wconf 90' lang='lat' dir='ltr'><strong>usu</strong></span> <span class='ocrx_word' id='word_1_142' title='bbox 1004 1699 1117 1766; x_wconf 84' lang='lat' dir='ltr'><strong>militiae,</strong></span> 
     </span>
     <span class='ocr_line' id='line_1_19' title="bbox 186 1776 1119 1852; baseline 0.001 -20"><span class='ocrx_word' id='word_1_143' title='bbox 186 1787 217 1834; x_wconf 85' lang='lat' dir='ltr'><strong>et</strong></span> <span class='ocrx_word' id='word_1_144' title='bbox 231 1777 304 1832; x_wconf 66' lang='lat' dir='ltr'><strong>samia</strong></span> <span class='ocrx_word' id='word_1_145' title='bbox 316 1796 407 1833; x_wconf 89' lang='lat' dir='ltr'><strong>rerum</strong></span> <span class='ocrx_word' id='word_1_146' title='bbox 424 1787 576 1852; x_wconf 81' lang='lat' dir='ltr'><strong>gestarum,</strong></span> <span class='ocrx_word' id='word_1_147' title='bbox 590 1787 617 1832; x_wconf 91' lang='lat' dir='ltr'><strong>et</strong></span> <span class='ocrx_word' id='word_1_148' title='bbox 637 1777 826 1852; x_wconf 80' lang='lat' dir='ltr'><strong>magnitudine</strong></span> <span class='ocrx_word' id='word_1_149' title='bbox 846 1776 888 1834; x_wconf 88' lang='lat' dir='ltr'><strong>vel</strong></span> <span class='ocrx_word' id='word_1_150' title='bbox 908 1777 967 1851; x_wconf 88' lang='lat' dir='ltr'><strong>spei</strong></span> <span class='ocrx_word' id='word_1_151' title='bbox 987 1776 1029 1832; x_wconf 85' lang='lat' dir='ltr'><strong>uel</strong></span> <span class='ocrx_word' id='word_1_152' title='bbox 1049 1777 1119 1851; x_wconf 91' lang='lat' dir='ltr'><strong>peri·</strong></span> 
     </span>
     <span class='ocr_line' id='line_1_20' title="bbox 186 1853 1117 1928; baseline 0 -18"><span class='ocrx_word' id='word_1_153' title='bbox 186 1854 246 1910; x_wconf 89' lang='lat' dir='ltr'><strong>culi</strong></span> <span class='ocrx_word' id='word_1_154' title='bbox 259 1873 346 1928; x_wconf 88' lang='lat' dir='ltr'><strong>pares.</strong></span> <span class='ocrx_word' id='word_1_155' title='bbox 387 1855 442 1909; x_wconf 87' lang='lat' dir='ltr'><strong>Sed</strong></span> <span class='ocrx_word' id='word_1_156' title='bbox 455 1864 483 1910; x_wconf 91' lang='lat' dir='ltr'><strong>et</strong></span> <span class='ocrx_word' id='word_1_157' title='bbox 496 1872 611 1910; x_wconf 87' lang='lat' dir='ltr'><strong>numero</strong></span> <span class='ocrx_word' id='word_1_158' title='bbox 631 1853 776 1910; x_wconf 89' lang='lat' dir='ltr'><strong>Romanus</strong></span> <span class='ocrx_word' id='word_1_159' title='bbox 789 1853 911 1928; x_wconf 88' lang='lat' dir='ltr'><strong>superior</strong></span> <span class='ocrx_word' id='word_1_160' title='bbox 924 1864 992 1920; x_wconf 88' lang='lat' dir='ltr'><strong>erat,</strong></span> <span class='ocrx_word' id='word_1_161' title='bbox 1012 1864 1041 1910; x_wconf 89' lang='lat' dir='ltr'><strong>et</strong></span> <span class='ocrx_word' id='word_1_162' title='bbox 1060 1854 1117 1910; x_wconf 90' lang='lat' dir='ltr'><strong>ani·</strong></span> 
     </span>
     <span class='ocr_line' id='line_1_21' title="bbox 188 1930 1151 2007; baseline 0.003 -19"><span class='ocrx_word' id='word_1_163' title='bbox 188 1950 250 2000; x_wconf 81' lang='lat' dir='ltr'><strong>m03</strong></span> <span class='ocrx_word' id='word_1_164' title='bbox 270 1930 344 2005; x_wconf 83' lang='lat' dir='ltr'><strong>qudd</strong></span> <span class='ocrx_word' id='word_1_165' title='bbox 355 1931 412 2007; x_wconf 85' lang='lat' dir='ltr'><strong>jam</strong></span> <span class='ocrx_word' id='word_1_166' title='bbox 424 1930 539 2005; x_wconf 87' lang='lat' dir='ltr'><strong>equites,</strong></span> <span class='ocrx_word' id='word_1_167' title='bbox 549 1931 606 2006; x_wconf 86' lang='lat' dir='ltr'><strong>jam</strong></span> <span class='ocrx_word' id='word_1_168' title='bbox 619 1931 779 2006; x_wconf 89' lang='lat' dir='ltr'><strong>elephantos</strong></span> <span class='ocrx_word' id='word_1_169' title='bbox 793 1931 914 2000; x_wconf 88' lang='lat' dir='ltr'><strong>suderst;</strong></span> <span class='ocrx_word' id='word_1_170' title='bbox 941 1931 1009 2007; x_wconf 87' lang='lat' dir='ltr'><strong>jam,</strong></span> <span class='ocrx_word' id='word_1_171' title='bbox 1029 1931 1116 2006; x_wconf 80' lang='lat' dir='ltr'><strong>primd</strong></span> <span class='ocrx_word' id='word_1_172' title='bbox 1126 1951 1151 1991; x_wconf 80' lang='lat' dir='ltr'><strong>su</strong></span> 
     </span>
     <span class='ocr_line' id='line_1_22' title="bbox 186 2009 719 2088; baseline 0.004 -24"><span class='ocrx_word' id='word_1_173' title='bbox 186 2009 249 2066; x_wconf 87' lang='lat' dir='ltr'><strong>acie</strong></span> <span class='ocrx_word' id='word_1_174' title='bbox 262 2009 350 2085; x_wconf 71' lang='lat' dir='ltr'><strong>pulsa,</strong></span> <span class='ocrx_word' id='word_1_175' title='bbox 365 2009 393 2065; x_wconf 89' lang='lat' dir='ltr'><strong>in</strong></span> <span class='ocrx_word' id='word_1_176' title='bbox 407 2009 557 2064; x_wconf 88' lang='lat' dir='ltr'><strong>secundam</strong></span> <span class='ocrx_word' id='word_1_177' title='bbox 571 2009 719 2088; x_wconf 80' lang='lat' dir='ltr'><strong>pugnabat.</strong></span> 
     </span>
    </p>
   </div>
   <div class='ocr_carea' id='block_1_3' title="bbox 141 2164 1151 3782">
    <p class='ocr_par' dir='ltr' id='par_1_3' title="bbox 181 2164 1150 2936">
     <span class='ocr_line' id='line_1_23' title="bbox 227 2164 1117 2241; baseline 0.001 -20"><span class='ocrx_word' id='word_1_178' title='bbox 227 2164 351 2222; x_wconf 86' lang='lat' dir='ltr'>XXXV.</span> <span class='ocrx_word' id='word_1_179' title='bbox 379 2164 549 2239; x_wconf 83' lang='lat' dir='ltr'><strong>intempore</strong></span> <span class='ocrx_word' id='word_1_180' title='bbox 563 2165 665 2222; x_wconf 85' lang='lat' dir='ltr'><strong>Laelius</strong></span> <span class='ocrx_word' id='word_1_181' title='bbox 678 2185 711 2222; x_wconf 89' lang='lat' dir='ltr'><strong>ac</strong></span> <span class='ocrx_word' id='word_1_182' title='bbox 724 2165 881 2232; x_wconf 85' lang='lat' dir='ltr'><strong>Masinissa,</strong></span> <span class='ocrx_word' id='word_1_183' title='bbox 901 2165 994 2241; x_wconf 88' lang='lat' dir='ltr'><strong>pulsos</strong></span> <span class='ocrx_word' id='word_1_184' title='bbox 1006 2184 1055 2240; x_wconf 88' lang='lat' dir='ltr'><strong>per</strong></span> <span class='ocrx_word' id='word_1_185' title='bbox 1069 2165 1117 2222; x_wconf 85' lang='lat' dir='ltr'><strong>ali·</strong></span> 
     </span>
     <span class='ocr_line' id='line_1_24' title="bbox 184 2243 1117 2318; baseline 0.001 -21"><span class='ocrx_word' id='word_1_186' title='bbox 184 2253 319 2315; x_wconf 89' lang='lat' dir='ltr'><strong>quantum</strong></span> <span class='ocrx_word' id='word_1_187' title='bbox 334 2243 413 2318; x_wconf 88' lang='lat' dir='ltr'><strong>spatii</strong></span> <span class='ocrx_word' id='word_1_188' title='bbox 426 2243 514 2299; x_wconf 91' lang='lat' dir='ltr'><strong>secuti</strong></span> <span class='ocrx_word' id='word_1_189' title='bbox 527 2243 643 2317; x_wconf 89' lang='lat' dir='ltr'><strong>equites,</strong></span> <span class='ocrx_word' id='word_1_190' title='bbox 666 2254 833 2301; x_wconf 82' lang='lat' dir='ltr'><strong>revertentes</strong></span> <span class='ocrx_word' id='word_1_191' title='bbox 854 2243 883 2300; x_wconf 92' lang='lat' dir='ltr'><strong>in</strong></span> <span class='ocrx_word' id='word_1_192' title='bbox 897 2261 1018 2299; x_wconf 86' lang='lat' dir='ltr'><strong>aversam</strong></span> <span class='ocrx_word' id='word_1_193' title='bbox 1033 2243 1117 2299; x_wconf 90' lang='lat' dir='ltr'><strong>hosti·</strong></span> 
     </span>
     <span class='ocr_line' id='line_1_25' title="bbox 185 2318 1115 2395; baseline -0.001 -19"><span class='ocrx_word' id='word_1_194' title='bbox 185 2339 235 2376; x_wconf 88' lang='lat' dir='ltr'><strong>orn</strong></span> <span class='ocrx_word' id='word_1_195' title='bbox 250 2321 338 2377; x_wconf 84' lang='lat' dir='ltr'><strong>aciem</strong></span> <span class='ocrx_word' id='word_1_196' title='bbox 352 2321 499 2377; x_wconf 69' lang='lat' dir='ltr'><strong>incurrere.</strong></span> <span class='ocrx_word' id='word_1_197' title='bbox 539 2318 568 2376; x_wconf 93' lang='lat' dir='ltr'><strong>Is</strong></span> <span class='ocrx_word' id='word_1_198' title='bbox 581 2321 693 2377; x_wconf 90' lang='lat' dir='ltr'><strong>demum</strong></span> <span class='ocrx_word' id='word_1_199' title='bbox 706 2323 829 2395; x_wconf 91' lang='lat' dir='ltr'><strong>equitum</strong></span> <span class='ocrx_word' id='word_1_200' title='bbox 842 2321 959 2395; x_wconf 88' lang='lat' dir='ltr'><strong>impetus</strong></span> <span class='ocrx_word' id='word_1_201' title='bbox 972 2320 1042 2376; x_wconf 91' lang='lat' dir='ltr'><strong>sudit</strong></span> <span class='ocrx_word' id='word_1_202' title='bbox 1053 2320 1115 2376; x_wconf 89' lang='lat' dir='ltr'><strong>hos·</strong></span> 
     </span>
     <span class='ocr_line' id='line_1_26' title="bbox 186 2397 1150 2472; baseline -0.002 -18"><span class='ocrx_word' id='word_1_203' title='bbox 186 2408 251 2454; x_wconf 82' lang='lat' dir='ltr'><strong>tera.</strong></span> <span class='ocrx_word' id='word_1_204' title='bbox 292 2397 374 2454; x_wconf 82' lang='lat' dir='ltr'><strong>Multi</strong></span> <span class='ocrx_word' id='word_1_205' title='bbox 394 2398 575 2454; x_wconf 83' lang='lat' dir='ltr'><strong>circumventi</strong></span> <span class='ocrx_word' id='word_1_206' title='bbox 596 2398 624 2454; x_wconf 93' lang='lat' dir='ltr'><strong>in</strong></span> <span class='ocrx_word' id='word_1_207' title='bbox 644 2399 704 2454; x_wconf 89' lang='lat' dir='ltr'><strong>acie</strong></span> <span class='ocrx_word' id='word_1_208' title='bbox 718 2399 801 2455; x_wconf 73' lang='lat' dir='ltr'><strong>caesis</strong></span> <span class='ocrx_word' id='word_1_209' title='bbox 821 2398 899 2455; x_wconf 90' lang='lat' dir='ltr'><strong>multi</strong></span> <span class='ocrx_word' id='word_1_210' title='bbox 912 2416 960 2472; x_wconf 90' lang='lat' dir='ltr'><strong>per</strong></span> <span class='ocrx_word' id='word_1_211' title='bbox 973 2407 1150 2472; x_wconf 64' lang='lat' dir='ltr'><strong>patentemffi</strong></span> 
     </span>
     <span class='ocr_line' id='line_1_27' title="bbox 183 2473 1113 2550; baseline -0.001 -19"><span class='ocrx_word' id='word_1_212' title='bbox 183 2475 262 2531; x_wconf 73' lang='lat' dir='ltr'><strong>circi</strong></span> <span class='ocrx_word' id='word_1_213' title='bbox 275 2494 403 2548; x_wconf 88' lang='lat' dir='ltr'><strong>campum</strong></span> <span class='ocrx_word' id='word_1_214' title='bbox 417 2475 480 2550; x_wconf 76' lang='lat' dir='ltr'><strong>fugai</strong></span> <span class='ocrx_word' id='word_1_215' title='bbox 500 2474 596 2549; x_wconf 87' lang='lat' dir='ltr'><strong>sparsi,</strong></span> <span class='ocrx_word' id='word_1_216' title='bbox 619 2487 731 2534; x_wconf 89' lang='lat' dir='ltr'><strong>tenente</strong></span> <span class='ocrx_word' id='word_1_217' title='bbox 749 2476 842 2533; x_wconf 88' lang='lat' dir='ltr'><strong>omnia</strong></span> <span class='ocrx_word' id='word_1_218' title='bbox 861 2475 992 2549; x_wconf 88' lang='lat' dir='ltr'><strong>equitatu,</strong></span> <span class='ocrx_word' id='word_1_219' title='bbox 1012 2473 1113 2549; x_wconf 89' lang='lat' dir='ltr'><strong>passim</strong></span> 
     </span>
     <span class='ocr_line' id='line_1_28' title="bbox 184 2550 1112 2626; baseline 0 -20"><span class='ocrx_word' id='word_1_220' title='bbox 184 2551 356 2607; x_wconf 86' lang='lat' dir='ltr'><strong>interierunt.</strong></span> <span class='ocrx_word' id='word_1_221' title='bbox 409 2551 680 2626; x_wconf 83' lang='lat' dir='ltr'><strong>Carthaginiensium</strong></span> <span class='ocrx_word' id='word_1_222' title='bbox 700 2552 889 2626; x_wconf 89' lang='lat' dir='ltr'><strong>sociorumque</strong></span> <span class='ocrx_word' id='word_1_223' title='bbox 912 2571 984 2609; x_wconf 87' lang='lat' dir='ltr'><strong>caesa</strong></span> <span class='ocrx_word' id='word_1_224' title='bbox 1008 2571 1041 2608; x_wconf 91' lang='lat' dir='ltr'><strong>eo</strong></span> <span class='ocrx_word' id='word_1_225' title='bbox 1066 2550 1112 2606; x_wconf 91' lang='lat' dir='ltr'><strong>die</strong></span> 
     </span>
     <span class='ocr_line' id='line_1_29' title="bbox 182 2627 1111 2704; baseline 0 -21"><span class='ocrx_word' id='word_1_226' title='bbox 182 2646 268 2701; x_wconf 90' lang='lat' dir='ltr'><strong>supra</strong></span> <span class='ocrx_word' id='word_1_227' title='bbox 280 2627 366 2684; x_wconf 87' lang='lat' dir='ltr'><strong>millia</strong></span> <span class='ocrx_word' id='word_1_228' title='bbox 386 2627 500 2700; x_wconf 81' lang='lat' dir='ltr'><strong>viginti:</strong></span> <span class='ocrx_word' id='word_1_229' title='bbox 533 2647 582 2702; x_wconf 87' lang='lat' dir='ltr'><strong>par</strong></span> <span class='ocrx_word' id='word_1_230' title='bbox 603 2628 688 2686; x_wconf 82' lang='lat' dir='ltr'><strong>ferme</strong></span> <span class='ocrx_word' id='word_1_231' title='bbox 708 2647 839 2686; x_wconf 90' lang='lat' dir='ltr'><strong>numerus</strong></span> <span class='ocrx_word' id='word_1_232' title='bbox 861 2641 958 2704; x_wconf 89' lang='lat' dir='ltr'><strong>captus</strong></span> <span class='ocrx_word' id='word_1_233' title='bbox 976 2641 1026 2694; x_wconf 91' lang='lat' dir='ltr'><strong>est,</strong></span> <span class='ocrx_word' id='word_1_234' title='bbox 1046 2646 1111 2684; x_wconf 92' lang='lat' dir='ltr'><strong>oum</strong></span> 
     </span>
     <span class='ocr_line' id='line_1_30' title="bbox 182 2703 1112 2782; baseline -0.001 -21"><span class='ocrx_word' id='word_1_235' title='bbox 182 2705 272 2780; x_wconf 84' lang='lat' dir='ltr'><strong>signis</strong></span> <span class='ocrx_word' id='word_1_236' title='bbox 295 2703 457 2760; x_wconf 88' lang='lat' dir='ltr'><strong>militaribus</strong></span> <span class='ocrx_word' id='word_1_237' title='bbox 472 2716 584 2761; x_wconf 89' lang='lat' dir='ltr'><strong>centum</strong></span> <span class='ocrx_word' id='word_1_238' title='bbox 604 2706 717 2780; x_wconf 83' lang='lat' dir='ltr'><strong>triginta</strong></span> <span class='ocrx_word' id='word_1_239' title='bbox 735 2707 831 2778; x_wconf 90' lang='lat' dir='ltr'><strong>tribus,</strong></span> <span class='ocrx_word' id='word_1_240' title='bbox 852 2707 1005 2782; x_wconf 86' lang='lat' dir='ltr'><strong>elephantis</strong></span> <span class='ocrx_word' id='word_1_241' title='bbox 1025 2705 1112 2762; x_wconf 90' lang='lat' dir='ltr'><strong>unde-</strong></span> 
     </span>
     <span class='ocr_line' id='line_1_31' title="bbox 183 2781 1146 2859; baseline 0 -20"><span class='ocrx_word' id='word_1_242' title='bbox 183 2783 249 2840; x_wconf 91' lang='lat' dir='ltr'><strong>cim.</strong></span> <span class='ocrx_word' id='word_1_243' title='bbox 279 2782 406 2840; x_wconf 87' lang='lat' dir='ltr'><strong>Victores</strong></span> <span class='ocrx_word' id='word_1_244' title='bbox 416 2781 450 2837; x_wconf 89' lang='lat' dir='ltr'><strong>ad</strong></span> <span class='ocrx_word' id='word_1_245' title='bbox 461 2781 751 2840; x_wconf 78' lang='lat' dir='ltr'><strong>duomilliaoecidere.</strong></span> <span class='ocrx_word' id='word_1_246' title='bbox 778 2784 928 2854; x_wconf 80' lang='lat' dir='ltr'><strong>Hannibal,</strong></span> <span class='ocrx_word' id='word_1_247' title='bbox 942 2782 1146 2859; x_wconf 76' lang='lat' dir='ltr'><strong>cumpaucissu</strong></span> 
     </span>
     <span class='ocr_line' id='line_1_32' title="bbox 181 2859 1110 2936; baseline -0.002 -18"><span class='ocrx_word' id='word_1_248' title='bbox 181 2861 321 2934; x_wconf 86' lang='lat' dir='ltr'><strong>equitibus</strong></span> <span class='ocrx_word' id='word_1_249' title='bbox 347 2860 418 2917; x_wconf 88' lang='lat' dir='ltr'><strong>inter</strong></span> <span class='ocrx_word' id='word_1_250' title='bbox 442 2859 589 2918; x_wconf 89' lang='lat' dir='ltr'><strong>tumultum</strong></span> <span class='ocrx_word' id='word_1_251' title='bbox 615 2860 731 2936; x_wconf 83' lang='lat' dir='ltr'><strong>elapsus,</strong></span> <span class='ocrx_word' id='word_1_252' title='bbox 760 2861 943 2918; x_wconf 83' lang='lat' dir='ltr'><strong>Adrumetum</strong></span> <span class='ocrx_word' id='word_1_253' title='bbox 969 2860 1110 2935; x_wconf 85' lang='lat' dir='ltr'><strong>perfugit;</strong></span> 
     </span>
    </p>

    <p class='ocr_par' dir='ltr' id='par_1_4' title="bbox 141 2935 1151 3782">
     <span class='ocr_line' id='line_1_33' title="bbox 157 2935 1110 3013; baseline -0.002 -20"><span class='ocrx_word' id='word_1_254' title='bbox 157 3003 161 3010; x_wconf 37' lang='grc'>,</span> <span class='ocrx_word' id='word_1_255' title='bbox 181 2939 277 2995; x_wconf 91' lang='lat' dir='ltr'><strong>omnia</strong></span> <span class='ocrx_word' id='word_1_256' title='bbox 296 2949 324 2995; x_wconf 92' lang='lat' dir='ltr'><strong>et</strong></span> <span class='ocrx_word' id='word_1_257' title='bbox 343 2937 372 2994; x_wconf 92' lang='lat' dir='ltr'><strong>in</strong></span> <span class='ocrx_word' id='word_1_258' title='bbox 392 2935 496 3012; x_wconf 74' lang='lat' dir='ltr'><strong>praelio,</strong></span> <span class='ocrx_word' id='word_1_259' title='bbox 526 2947 554 2994; x_wconf 91' lang='lat' dir='ltr'><strong>et</strong></span> <span class='ocrx_word' id='word_1_260' title='bbox 574 2948 638 2994; x_wconf 89' lang='lat' dir='ltr'><strong>ante</strong></span> <span class='ocrx_word' id='word_1_261' title='bbox 658 2939 756 3007; x_wconf 87' lang='lat' dir='ltr'><strong>aciem,</strong></span> <span class='ocrx_word' id='word_1_262' title='bbox 786 2939 942 3013; x_wconf 87' lang='lat' dir='ltr'><strong>priusquam</strong></span> <span class='ocrx_word' id='word_1_263' title='bbox 961 2938 1110 2994; x_wconf 87' lang='lat' dir='ltr'><strong>excederet</strong></span> 
     </span>
     <span class='ocr_line' id='line_1_34' title="bbox 182 3012 1110 3090; baseline -0.002 -21"><span class='ocrx_word' id='word_1_264' title='bbox 182 3015 288 3088; x_wconf 71' lang='lat' dir='ltr'><strong>pugni,</strong></span> <span class='ocrx_word' id='word_1_265' title='bbox 302 3026 448 3090; x_wconf 81' lang='lat' dir='ltr'><strong>expertus;</strong></span> <span class='ocrx_word' id='word_1_266' title='bbox 468 3025 505 3082; x_wconf 89' lang='lat' dir='ltr'><strong>et,</strong></span> <span class='ocrx_word' id='word_1_267' title='bbox 520 3014 693 3072; x_wconf 86' lang='lat' dir='ltr'><strong>consessione</strong></span> <span class='ocrx_word' id='word_1_268' title='bbox 706 3017 787 3074; x_wconf 87' lang='lat' dir='ltr'><strong>etiam</strong></span> <span class='ocrx_word' id='word_1_269' title='bbox 812 3015 957 3090; x_wconf 87' lang='lat' dir='ltr'><strong>Scipionis,</strong></span> <span class='ocrx_word' id='word_1_270' title='bbox 973 3012 1110 3070; x_wconf 90' lang='lat' dir='ltr'><strong>omnium·</strong></span> 
     </span>
     <span class='ocr_line' id='line_1_35' title="bbox 182 3089 1108 3168; baseline 0.001 -22"><span class='ocrx_word' id='word_1_271' title='bbox 182 3109 236 3164; x_wconf 90' lang='lat' dir='ltr'><strong>que</strong></span> <span class='ocrx_word' id='word_1_272' title='bbox 249 3093 396 3166; x_wconf 89' lang='lat' dir='ltr'><strong>peritorum</strong></span> <span class='ocrx_word' id='word_1_273' title='bbox 411 3091 522 3162; x_wconf 81' lang='lat' dir='ltr'><strong>militiae,</strong></span> <span class='ocrx_word' id='word_1_274' title='bbox 537 3091 610 3149; x_wconf 88' lang='lat' dir='ltr'><strong>illam</strong></span> <span class='ocrx_word' id='word_1_275' title='bbox 629 3092 738 3150; x_wconf 90' lang='lat' dir='ltr'><strong>laudem</strong></span> <span class='ocrx_word' id='word_1_276' title='bbox 761 3094 884 3168; x_wconf 87' lang='lat' dir='ltr'><strong>adeptus,</strong></span> <span class='ocrx_word' id='word_1_277' title='bbox 904 3089 1035 3166; x_wconf 83' lang='lat' dir='ltr'><strong>singulari</strong></span> <span class='ocrx_word' id='word_1_278' title='bbox 1049 3100 1108 3147; x_wconf 81' lang='lat' dir='ltr'><strong>arte</strong></span> 
     </span>
     <span class='ocr_line' id='line_1_36' title="bbox 184 3168 1151 3244; baseline 0 -20"><span class='ocrx_word' id='word_1_279' title='bbox 184 3168 271 3224; x_wconf 88' lang='lat' dir='ltr'><strong>aciem</strong></span> <span class='ocrx_word' id='word_1_280' title='bbox 285 3188 319 3226; x_wconf 91' lang='lat' dir='ltr'><strong>eo</strong></span> <span class='ocrx_word' id='word_1_281' title='bbox 331 3170 375 3227; x_wconf 92' lang='lat' dir='ltr'><strong>die</strong></span> <span class='ocrx_word' id='word_1_282' title='bbox 389 3169 557 3228; x_wconf 81' lang='lat' dir='ltr'><strong>instruxisse.</strong></span> <span class='ocrx_word' id='word_1_283' title='bbox 597 3169 764 3244; x_wconf 87' lang='lat' dir='ltr'><strong>Elephantos</strong></span> <span class='ocrx_word' id='word_1_284' title='bbox 777 3171 805 3226; x_wconf 91' lang='lat' dir='ltr'><strong>in</strong></span> <span class='ocrx_word' id='word_1_285' title='bbox 816 3168 903 3244; x_wconf 70' lang='lat' dir='ltr'><strong>primi</strong></span> <span class='ocrx_word' id='word_1_286' title='bbox 913 3168 1021 3237; x_wconf 78' lang='lat' dir='ltr'><strong>fronte3</strong></span> <span class='ocrx_word' id='word_1_287' title='bbox 1041 3186 1151 3240; x_wconf 65' lang='lat' dir='ltr'><strong>quo-³5</strong></span> 
     </span>
     <span class='ocr_line' id='line_1_37' title="bbox 182 3245 1108 3321; baseline 0 -19"><span class='ocrx_word' id='word_1_288' title='bbox 182 3262 243 3302; x_wconf 88' lang='lat' dir='ltr'><strong>rum</strong></span> <span class='ocrx_word' id='word_1_289' title='bbox 258 3245 384 3302; x_wconf 86' lang='lat' dir='ltr'><strong>fortuitus</strong></span> <span class='ocrx_word' id='word_1_290' title='bbox 397 3247 514 3320; x_wconf 89' lang='lat' dir='ltr'><strong>impetus</strong></span> <span class='ocrx_word' id='word_1_291' title='bbox 523 3259 608 3320; x_wconf 89' lang='lat' dir='ltr'><strong>atque</strong></span> <span class='ocrx_word' id='word_1_292' title='bbox 631 3246 808 3304; x_wconf 88' lang='lat' dir='ltr'><strong>intolerabilis</strong></span> <span class='ocrx_word' id='word_1_293' title='bbox 825 3247 873 3311; x_wconf 84' lang='lat' dir='ltr'><strong>ris,</strong></span> <span class='ocrx_word' id='word_1_294' title='bbox 887 3246 967 3321; x_wconf 86' lang='lat' dir='ltr'><strong>signa</strong></span> <span class='ocrx_word' id='word_1_295' title='bbox 979 3245 1065 3320; x_wconf 90' lang='lat' dir='ltr'><strong>sequi,</strong></span> <span class='ocrx_word' id='word_1_296' title='bbox 1079 3255 1108 3302; x_wconf 86' lang='lat' dir='ltr'><strong>et</strong></span> 
     </span>
     <span class='ocr_line' id='line_1_38' title="bbox 141 3323 1107 3402; baseline -0.002 -22"><span class='ocrx_word' id='word_1_297' title='bbox 141 3348 147 3356; x_wconf 86' lang='lat'>·</span> <span class='ocrx_word' id='word_1_298' title='bbox 182 3341 289 3380; x_wconf 89' lang='lat' dir='ltr'><strong>servare</strong></span> <span class='ocrx_word' id='word_1_299' title='bbox 301 3324 420 3396; x_wconf 90' lang='lat' dir='ltr'><strong>ordines,</strong></span> <span class='ocrx_word' id='word_1_300' title='bbox 435 3323 475 3391; x_wconf 85' lang='lat' dir='ltr'><strong>(in</strong></span> <span class='ocrx_word' id='word_1_301' title='bbox 488 3342 542 3397; x_wconf 94' lang='lat' dir='ltr'><strong>quo</strong></span> <span class='ocrx_word' id='word_1_302' title='bbox 555 3324 701 3398; x_wconf 89' lang='lat' dir='ltr'><strong>plurimum</strong></span> <span class='ocrx_word' id='word_1_303' title='bbox 719 3324 776 3400; x_wconf 91' lang='lat' dir='ltr'><strong>spei</strong></span> <span class='ocrx_word' id='word_1_304' title='bbox 796 3325 942 3402; x_wconf 86' lang='lat' dir='ltr'><strong>ponerent)</strong></span> <span class='ocrx_word' id='word_1_305' title='bbox 963 3323 1107 3382; x_wconf 82' lang='lat' dir='ltr'><strong>Romanos</strong></span> 
     </span>
     <span class='ocr_line' id='line_1_39' title="bbox 171 3398 1107 3476; baseline -0.003 -18"><span class='ocrx_word' id='word_1_306' title='bbox 171 3401 345 3474; x_wconf 86' lang='lat' dir='ltr'><strong>prohiberet.</strong></span> <span class='ocrx_word' id='word_1_307' title='bbox 385 3400 494 3457; x_wconf 90' lang='lat' dir='ltr'><strong>Deinde</strong></span> <span class='ocrx_word' id='word_1_308' title='bbox 507 3401 654 3458; x_wconf 80' lang='lat' dir='ltr'><strong>auxiliares</strong></span> <span class='ocrx_word' id='word_1_309' title='bbox 676 3412 739 3458; x_wconf 89' lang='lat' dir='ltr'><strong>ante</strong></span> <span class='ocrx_word' id='word_1_310' title='bbox 761 3401 1032 3476; x_wconf 84' lang='lat' dir='ltr'><strong>Carthaginiensium</strong></span> <span class='ocrx_word' id='word_1_311' title='bbox 1050 3398 1107 3456; x_wconf 87' lang='lat' dir='ltr'><strong>aoi-</strong></span> 
     </span>
     <span class='ocr_line' id='line_1_40' title="bbox 181 3477 1106 3554; baseline 0.001 -23"><span class='ocrx_word' id='word_1_312' title='bbox 181 3495 235 3546; x_wconf 92' lang='lat' dir='ltr'><strong>em,</strong></span> <span class='ocrx_word' id='word_1_313' title='bbox 249 3497 285 3533; x_wconf 90' lang='lat' dir='ltr'><strong>ue</strong></span> <span class='ocrx_word' id='word_1_314' title='bbox 299 3477 422 3534; x_wconf 89' lang='lat' dir='ltr'><strong>homines</strong></span> <span class='ocrx_word' id='word_1_315' title='bbox 433 3478 512 3534; x_wconf 80' lang='lat' dir='ltr'><strong>mixti</strong></span> <span class='ocrx_word' id='word_1_316' title='bbox 523 3497 560 3534; x_wconf 87' lang='lat' dir='ltr'><strong>ex</strong></span> <span class='ocrx_word' id='word_1_317' title='bbox 574 3477 726 3536; x_wconf 86' lang='lat' dir='ltr'><strong>colluvione</strong></span> <span class='ocrx_word' id='word_1_318' title='bbox 748 3479 871 3536; x_wconf 91' lang='lat' dir='ltr'><strong>omnium</strong></span> <span class='ocrx_word' id='word_1_319' title='bbox 883 3480 1019 3554; x_wconf 81' lang='lat' dir='ltr'><strong>gentium,</strong></span> <span class='ocrx_word' id='word_1_320' title='bbox 1038 3495 1106 3554; x_wconf 91' lang='lat' dir='ltr'><strong>quos</strong></span> 
     </span>
     <span class='ocr_line' id='line_1_41' title="bbox 181 3554 1140 3631; baseline 0.007 -23"><span class='ocrx_word' id='word_1_321' title='bbox 181 3567 237 3608; x_wconf 89' lang='lat' dir='ltr'><strong>non</strong></span> <span class='ocrx_word' id='word_1_322' title='bbox 251 3554 320 3610; x_wconf 90' lang='lat' dir='ltr'><strong>fides</strong></span> <span class='ocrx_word' id='word_1_323' title='bbox 332 3563 445 3624; x_wconf 89' lang='lat' dir='ltr'><strong>teneret,</strong></span> <span class='ocrx_word' id='word_1_324' title='bbox 460 3555 508 3610; x_wconf 88' lang='lat' dir='ltr'><strong>sed</strong></span> <span class='ocrx_word' id='word_1_325' title='bbox 522 3573 638 3621; x_wconf 88' lang='lat' dir='ltr'><strong>merces,</strong></span> <span class='ocrx_word' id='word_1_326' title='bbox 652 3554 769 3612; x_wconf 89' lang='lat' dir='ltr'><strong>liberum</strong></span> <span class='ocrx_word' id='word_1_327' title='bbox 784 3567 925 3629; x_wconf 90' lang='lat' dir='ltr'><strong>receptum</strong></span> <span class='ocrx_word' id='word_1_328' title='bbox 938 3557 1010 3631; x_wconf 72' lang='lat' dir='ltr'><strong>fuge</strong></span> <span class='ocrx_word' id='word_1_329' title='bbox 1023 3556 1140 3616; x_wconf 82' lang='lat' dir='ltr'><strong>habe-ro</strong></span> 
     </span>
     <span class='ocr_line' id='line_1_42' title="bbox 181 3631 1106 3706; baseline 0.004 -23"><span class='ocrx_word' id='word_1_330' title='bbox 181 3639 258 3684; x_wconf 83' lang='lat' dir='ltr'><strong>rent:</strong></span> <span class='ocrx_word' id='word_1_331' title='bbox 286 3631 365 3687; x_wconf 91' lang='lat' dir='ltr'><strong>simul</strong></span> <span class='ocrx_word' id='word_1_332' title='bbox 379 3631 495 3703; x_wconf 91' lang='lat' dir='ltr'><strong>primum</strong></span> <span class='ocrx_word' id='word_1_333' title='bbox 516 3632 640 3688; x_wconf 88' lang='lat' dir='ltr'><strong>ardorem</strong></span> <span class='ocrx_word' id='word_1_334' title='bbox 654 3643 734 3706; x_wconf 88' lang='lat' dir='ltr'><strong>atque</strong></span> <span class='ocrx_word' id='word_1_335' title='bbox 747 3633 878 3706; x_wconf 89' lang='lat' dir='ltr'><strong>impetum</strong></span> <span class='ocrx_word' id='word_1_336' title='bbox 899 3633 1016 3690; x_wconf 90' lang='lat' dir='ltr'><strong>hostium</strong></span> <span class='ocrx_word' id='word_1_337' title='bbox 1030 3631 1106 3690; x_wconf 85' lang='lat' dir='ltr'><strong>enoi-</strong></span> 
     </span>
     <span class='ocr_line' id='line_1_43' title="bbox 179 3703 1105 3782; baseline 0.006 -22"><span class='ocrx_word' id='word_1_338' title='bbox 179 3703 289 3778; x_wconf 89' lang='lat' dir='ltr'><strong>pientes</strong></span> <span class='ocrx_word' id='word_1_339' title='bbox 302 3708 463 3782; x_wconf 81' lang='lat' dir='ltr'><strong>fatigarent3</strong></span> <span class='ocrx_word' id='word_1_340' title='bbox 484 3726 527 3780; x_wconf 89' lang='lat' dir='ltr'><strong>sc,</strong></span> <span class='ocrx_word' id='word_1_341' title='bbox 541 3709 564 3766; x_wconf 86' lang='lat' dir='ltr'><strong>si</strong></span> <span class='ocrx_word' id='word_1_342' title='bbox 577 3709 647 3767; x_wconf 89' lang='lat' dir='ltr'><strong>nihil</strong></span> <span class='ocrx_word' id='word_1_343' title='bbox 661 3709 743 3780; x_wconf 90' lang='lat' dir='ltr'><strong>aliud,</strong></span> <span class='ocrx_word' id='word_1_344' title='bbox 762 3709 920 3768; x_wconf 86' lang='lat' dir='ltr'><strong>vulneribus</strong></span> <span class='ocrx_word' id='word_1_345' title='bbox 933 3711 991 3780; x_wconf 83' lang='lat' dir='ltr'><strong>suis</strong></span> <span class='ocrx_word' id='word_1_346' title='bbox 1004 3712 1105 3780; x_wconf 82' lang='lat' dir='ltr'><strong>serrum</strong></span> 
     </span>
    </p>
   </div>
   <div class='ocr_carea' id='block_1_4' title="bbox 0 0 1314 4200">
    <p class='ocr_par' dir='ltr' id='par_1_5' title="bbox 0 0 1314 4200">
     <span class='ocr_line' id='line_1_44' title="bbox 0 0 1314 4200; baseline 0 5"><span class='ocrx_word' id='word_1_347' title='bbox 0 0 1314 4200; x_wconf 95' lang='lat' dir='ltr'><strong> </strong></span> 
     </span>
    </p>
   </div>
  </div>
 </body>
</html>
