2622 4194
480 345 583 398 Lrsurt
597 344 645 396 111.
676 351 830 400 unsrun.
1049 379 1053 384 -
1082 331 1128 408 ω’

199 485 220 526 ‘⁴
230 503 340 565 cogere
352 497 380 548 et
392 487 497 564 vulgati
509 486 705 563 computatis,
728 505 783 547 aon
797 495 853 544 taor
865 485 1035 562 properantia
1047 479 1122 546 abire

192 567 398 642 '‘⁴magistratu,
420 564 503 641 quam
532 566 603 623 viam
632 565 667 622 ad
695 564 913 622 continuandum
935 565 1123 640 magistratum

199 647 220 694 f‘
231 643 384 720 querentis,
398 643 487 702 easo.'’
525 643 669 718 Pmpalam
681 641 790 700 obvidrn
804 642 843 698 ire
861 641 1003 716 cupiditati
1026 657 1123 717 parum

202 722 271 790 ausi,
290 722 505 794 obsecundando
523 721 629 779 mollire
648 721 779 795 impetum
793 720 1007 795 aggrediuntur:
1040 721 1125 778 comi-

180 800 300 870 stiorum
321 799 360 856 illi
383 800 582 871 habendorum,
595 799 704 874 quaudo
724 797 854 855 minimus
876 809 943 856 natu
966 797 1010 870 sit,
1024 815 1126 856 munus

201 893 338 936 consensu
358 877 514 952 injungunt.
554 878 609 934 Ars
629 878 690 934 heo
709 887 777 942 erat,
797 894 833 932 ne
853 886 941 934 semet
953 867 1011 950 ipse
1030 889 1125 934 creare

200 966 310 1030 posset5
330 955 403 1028 quod
423 965 519 1030 pretor
539 955 661 1012 tribunos
681 954 768 1029 plebis
788 952 830 1030 (et
849 953 877 1010 id
898 953 988 1028 ipsum
1007 953 1126 1028 pessimo

198 1033 340 1110 exemplo)
352 1051 434 1091 nemo
447 1051 567 1109 unquam
588 1032 706 1090 fecisset.
745 1030 795 1089 Ille
808 1031 956 1101 enimuero,
969 1032 1041 1104 quod
1055 1031 1127 1090 bene

200 1121 297 1178 vertat,
311 1110 467 1169 habiturum
487 1130 517 1168 se
537 1111 648 1168 comitia
666 1109 813 1185 professus,
834 1107 1059 1183 impedimentum
1078 1123 1128 1183 pro

168 1201 195 1251 tt
202 1183 348 1245 occasione
367 1188 498 1263 arripuit:
531 1189 699 1263 dejectisque
717 1189 819 1244 honore
838 1203 887 1262 per
901 1185 1047 1244 coitionem
1061 1188 1129 1246 duo·

203 1265 255 1320 bus
279 1265 414 1332 Quintiis¹
439 1266 597 1340 Capitolino
615 1277 644 1322 st
663 1266 840 1331 Cincinnato,
859 1274 889 1321 et
907 1274 1003 1338 patruo
1022 1283 1072 1321 suo
1092 1266 1126 1324 C.

203 1341 330 1410 Claudio,
351 1343 571 1400 constantissimo
591 1343 647 1401 uiro
666 1345 695 1400 in
714 1342 885 1418 optimatium
908 1341 1000 1412 causi,
1020 1343 1128 1402 stallis

203 1419 327 1494 ejusdem
355 1419 456 1496 fastigii
476 1421 591 1486 civibus,
611 1422 782 1496 nequiquam
794 1420 947 1494 splendore
966 1419 1028 1476 vite
1048 1437 1128 1495 pares

202 1497 373 1554 decemviros
396 1509 487 1567 oreat;
515 1517 545 1555 se
568 1493 719 1577 inprimis,
739 1499 811 1573 quod
831 1499 905 1554 haud
924 1513 1006 1555 aecus
1025 1498 1129 1570 flactum

171 1598 196 1641 15
203 1573 393 1649 improbabant
412 1575 487 1652 boui,
501 1574 584 1650 qaam
603 1595 686 1634 nemo
705 1576 796 1633 faeere
816 1593 951 1639 ausurum
966 1575 1128 1633 crediderat.

205 1651 298 1710 Creuti
323 1669 387 1710 oum
413 1671 448 1710 eo
470 1653 511 1713 Μ.
534 1653 680 1712 Cornelius
703 1653 913 1728 Maluginensis,
948 1651 988 1709 M.
1004 1653 1127 1728 Sergius,

204 1727 237 1786 L.
252 1729 406 1804 Minucius,
435 1729 475 1792 Q·
489 1731 593 1788 Fabius
607 1731 771 1802 Vibulanus,
784 1731 823 1792 Q.
837 1730 978 1802 Poetelius,
991 1731 1028 1787 Τ.
1042 1732 1130 1788 Auto-

203 1807 424 1943 nRiuquqlerenda,
434 1809 516 1884 §peso
526 1809 645 1878 Duilius,
665 1811 713 1886 Sp.
728 1809 836 1884 Oppius
854 1808 1005 1876 Cornicen,
1016 1807 1130 1866 Manios

205 1949 209 1962 Ι
234 1904 250 1942 a
298 1905 365 1962 equs.

169 2067 197 2107 m
242 2039 383 2098 XXXVI.
403 2040 455 2098 Ille
467 2041 530 2100 finis
550 2043 641 2118 Appio
661 2044 758 2101 aliene
778 2061 900 2118 persone
920 2042 1041 2100 fereude
1061 2042 1129 2102 fuit:

205 2136 255 2174 suo
271 2119 329 2193 jam
348 2118 413 2175 indo
435 2118 526 2176 vivere
549 2121 660 2194 ingenio
673 2123 765 2195 erepit,
779 2139 915 2195 novosque
936 2120 1056 2196 collegas
1072 2121 1130 2196 jam

203 2195 293 2272 priris,
316 2195 397 2270 quam
421 2195 522 2253 inirent
547 2199 745 2270 magistratum,
764 2200 793 2255 in
814 2217 877 2255 auos
896 2217 985 2256 moros
1005 2199 1129 2256 formare.

204 2272 339 2334 Quotidie
365 2273 477 2331 coibant
496 2275 607 2331 remotis
626 2275 752 2340 arbitris;
785 2274 849 2330 iude
877 2275 1070 2349 impotentibus
1090 2277 1132 2333 in·

205 2352 299 2408 structi
314 2351 518 2425 consiliisque
539 2351 644 2409 sebretd
665 2353 700 2408 ab
720 2352 780 2408 aliis
799 2352 962 2424 coquebant,
979 2352 1036 2427 jam
1056 2353 1130 2411 haud

172 2428 402 2496 „dissimulando
415 2429 578 2504 superbiam,
593 2431 646 2486 rari
658 2430 760 2500 aditus,
768 2427 985 2502 colloquentibus
995 2429 1130 2504 difficiles,

205 2507 240 2563 ad
256 2507 323 2563 Idus
345 2506 435 2584 Majas
454 2527 512 2564 rem
532 2508 692 2583 perduxere.
732 2507 800 2564 ldus
819 2517 877 2564 tum
901 2506 983 2583 lllajae
1003 2508 1132 2566 solennes

172 2583 335 2672 {ineundis
362 2585 565 2660 magistratibus
594 2597 681 2642 erant.
733 2585 817 2642 Initio
846 2585 928 2660 igitur
958 2585 1130 2660 magistratus

173 2661 323 2735 *eptimam
343 2663 454 2721 honoris
473 2663 547 2722 diem
576 2664 784 2730 denuntiatione
810 2663 931 2738 ingentis
957 2665 1067 2722 terroris
1090 2665 1132 2722 in·

179 2731 313 2816 {signem
333 2741 445 2798 secere:
485 2761 560 2814 nam,
587 2761 671 2816 quum
698 2743 736 2800 ita
765 2742 867 2817 priores
897 2741 1046 2798 decemviri
1075 2759 1131 2798 ser·
1192 2747 1195 2756 ’

207 2819 326 2884 sissent,
347 2828 377 2874 ut
404 2834 475 2888 uuus
504 2819 593 2878 fasces
613 2821 735 2892 baberet,
765 2832 793 2878 et
820 2820 874 2876 hoc
893 2818 1003 2893 insigne
1023 2818 1131 2892 regium

173 2867 237 2954 din
255 2895 359 2964 orbem,
379 2914 457 2952 suam
476 2898 608 2973 cujusque
637 2899 735 2964 vicem,
763 2917 810 2972 per
836 2892 933 2954 omnes
959 2896 1019 2962 iret,
1040 2894 1131 2952 subitd

179 2971 303 3044 u]omnes
322 2993 385 3030 oum
406 2974 541 3032 duodenis
564 2976 683 3032 fascibus
710 2975 844 3051 prodiere.
894 2973 1015 3031 Centum
1033 2973 1131 3048 viginti

173 3047 317 3108 Eliotores
346 3051 434 3110 forum
461 3053 647 3128 impleverant,
674 3064 703 3110 et
732 3053 851 3112 fascibus
877 3067 988 3108 secures
1015 3050 1132 3128 illigatas

207 3129 408 3204 preferebant:
448 3150 501 3188 neo
525 3132 667 3190 attinuisse
694 3132 768 3188 demi
794 3129 923 3196 securim,
955 3143 1039 3204 quum
1071 3130 1132 3190 siue

174 3207 399 3281 mprovocatione
425 3210 510 3266 creati
535 3221 636 3278 essent,
663 3209 918 3284 interpretabantur.
964 3207 1071 3266 Decem
1091 3227 1133 3266 re·

208 3302 273 3358 gum
287 3286 395 3360 species
407 3297 474 3355 erat,
488 3287 735 3363 multiplicatusque
746 3298 841 3358 terror,
854 3303 909 3342 uon
920 3285 1021 3344 infimis
1030 3287 1132 3357 solum,

209 3362 258 3418 sed
282 3364 447 3438 primoribus
465 3364 586 3436 Petrum,
600 3366 666 3423 ratis
678 3366 763 3424 cedis
782 3381 894 3421 causam
914 3382 948 3422 ao
967 3364 1132 3440 pricolpium

209 3441 312 3512 quaeri:
332 3457 370 3515 ιιι,
384 3442 407 3499 si
420 3443 482 3517 quis
493 3460 641 3508 memorem
655 3443 787 3501 libertatis
807 3457 903 3500 vocem
925 3454 973 3500 aut
992 3443 1021 3499 in
1035 3451 1132 3498 senatu

211 3525 259 3572 aut
277 3517 306 3576 in
319 3519 419 3596 populo
439 3521 566 3592 misisset,
588 3521 679 3590 stetim
700 3521 782 3596 virge
803 3535 967 3595 securesque
993 3519 1132 3576 etiamad

177 3613 202 3672 rt
211 3605 371 3654 ceterorum
390 3610 493 3657 metum
514 3599 714 3674 expedirentur.
759 3598 843 3671 Nam,
862 3609 1041 3674 preterquam
1060 3595 1133 3672 qudd

210 3672 240 3730 in
253 3674 352 3748 populo
371 3676 438 3746 nihil
452 3687 511 3734 erat
522 3677 651 3752 praesidii,
665 3676 772 3735 sublati
784 3677 987 3752 provocatione,
1004 3675 1134 3734 interces-

209 3751 317 3838 pionem
336 3771 443 3830 quoque
462 3774 600 3837 consensu
615 3755 794 3825 sustulerant3
815 3774 897 3830 quum
911 3755 1014 3830 priores
1026 3754 1135 3813 decem·
