2622 4194
207 84 212 103 l

133 106 222 169 md

39 310 41 313 V
138 311 177 414 as
274 321 276 326 ’
522 353 590 436 ιιιι
605 353 688 404 nrvu

139 498 158 537 ‘-‘
168 501 258 574 agros,
272 515 381 572 aquarn,
394 496 537 566 terminos,
554 497 680 565 delubra,
702 497 841 566 utensilia,
862 497 967 574 divina,
980 499 1078 562 lauma-

138 577 258 650 “naque
284 577 388 644 omnia,
412 576 441 635 in
467 595 557 642 meam
578 577 725 652 populique
752 577 873 642 Romani
894 579 1078 638 ditioneml'’¹

138 653 333 712 “Dedimus''
372 656 443 712 “At
467 675 520 732 ego
545 655 679 730 recipio.”
720 655 798 713 Bello
818 656 924 720 Sabino
942 659 1075 732 perlecto,

138 733 309 806 Tarquinius
322 733 495 808 triumphans
516 734 636 792 Romam
650 734 748 792 rediit:
779 735 845 792 iude
858 735 955 809 priscis
967 735 1079 801 Latinis·

137 811 241 868 bellurn
262 812 344 869 lecit:
378 812 426 869 ubi
440 830 574 887 nusquam
594 813 629 870 ad
653 813 788 869 universae
808 813 848 870 rei
868 813 1076 874 dimicationem
1085 839 1110 890 ιι

137 899 250 947 rentum
264 901 316 962 est,
331 890 365 946 ad
389 891 499 966 singula
518 891 620 966 oppida
634 891 866 950 :circumferendo
887 910 972 964 arma,
992 913 1076 952 omne

137 987 241 1028 nomen
262 969 393 1030 Latinum
414 970 530 1026 domuit.
563 969 762 1038 Corniculum,
782 969 900 1026 Ficulea
919 983 1010 1042 retus,
1023 972 1078 1030 Ga·

137 1047 233 1118 meria,
248 1039 481 1115 Crustumerium,
495 1047 647 1113 Ameriola,
663 1047 807 1114 Medullia,
821 1048 1001 1120 Nomentum,
1016 1051 1078 1119 hau

138 1126 173 1182 de
193 1125 292 1200 priscis
305 1125 421 1198 Latinis,
436 1136 483 1182 aut
495 1145 541 1201 qur
534 1127 589 1182 ad
612 1125 726 1182 Latinos
747 1126 914 1195 defecerant,
936 1137 1017 1202 capta
1030 1147 1078 1218 op·
1185 1189 1188 1196 ,

137 1203 212 1278 pida.
265 1203 323 1260 Pax
343 1173 444 1260 deinde
464 1216 506 1262 est
526 1205 608 1263 facta
661 1203 768 1279 lllajore
795 1204 860 1262 inde
888 1205 981 1262 animo
1000 1207 1110 1282 pacisro

137 1301 221 1357 opera
234 1283 373 1348 inchoata,
388 1303 471 1356 quam
492 1285 596 1357 quanti
609 1283 681 1340 mole
701 1294 825 1358 gesserat
846 1283 936 1352 bella3
970 1295 1108 1344 utnon

138 1361 254 1434 quietior
274 1361 392 1434 populus
417 1362 491 1418 domi
518 1374 602 1426 esset,
629 1380 711 1434 quam
738 1361 843 1418 militiae
864 1362 979 1418 suisset:
1012 1381 1077 1421 nam
1163 1372 1165 1384 '

138 1451 166 1498 et
179 1459 257 1497 muro
271 1439 389 1513 lapideo,
410 1440 490 1535 οιιιιιι
510 1441 653 1498 exordium
673 1439 763 1514 operis
785 1440 889 1497 Sabino
903 1439 975 1498 bello
988 1443 1079 1500 turbas

137 1528 279 1584 tumeret,
294 1518 401 1590 urbem,
421 1519 614 1592 quanondum
634 1519 773 1574 munierat
775 1518 1019 1606 ,cirrgereparqt;
1049 1530 1078 1577 et

138 1597 234 1654 infima
247 1596 323 1653 urbis
343 1597 449 1654 loca
424 1616 500 1654 circa
520 1597 617 1666 forum,
642 1597 763 1668 aliasque
782 1596 941 1689 interjectas
961 1579 1111 1659 edilibusrs

138 1675 286 1745 convalles,
303 1674 380 1747 (quia
392 1693 428 1738 err
436 1675 529 1763 planis
542 1676 611 1732 locis
625 1675 699 1732 haud
713 1671 795 1729 l'acild
809 1675 964 1734 evehebant
978 1679 1076 1756 aquas)

139 1752 243 1811 cloacis
264 1771 279 1808 e
301 1752 441 1826 fastigio
434 1772 462 1809 ιιι
487 1753 615 1810 Tiberim
636 1751 727 1810 ductis
748 1751 850 1820 siccat;
879 1762 908 1808 et
928 1772 1021 1811 aream
1042 1757 1078 1812 ad

140 1831 256 1886 aedem
249 1849 278 1886 m
302 1830 439 1904 Capitolio
462 1830 549 1897 Jovis,
563 1850 644 1905 quam
665 1840 774 1886 voverat
794 1795 866 1886 belia
887 1831 1029 1899 Sabino,
1020 1853 1078 1908 Jam

139 1909 319 1984 praesagiente
341 1909 434 1967 auimo
447 1909 568 1966 futuram
580 1909 645 1967 olim
661 1908 871 1982 amplitudinem
881 1908 945 1980 loci,
958 1922 1079 1985 occupat

139 1987 334 2045 fundamentis.
1074 2010 1113 2049 vau

178 2145 322 2202 XXXIX.
352 2147 394 2204 Eo
407 2147 569 2222 temporem
583 2145 662 2223 regini
681 2146 838 2223 prodigium
850 2147 909 2204 visu
923 2155 1078 2222 eventuque

139 2223 264 2282 mirabile
285 2225 345 2282 fuit.
386 2226 475 2284 Puero
496 2227 653 2299 dormienti,
680 2227 726 2284 cui
750 2226 846 2282 Servio
866 2225 962 2282 Tullio
975 2245 1078 2283 nomeu

139 2303 200 2370 fuit,
224 2315 308 2379 caput
329 2305 428 2362 arsisse
442 2305 534 2364 ferunt
548 2306 695 2363 multorum
710 2306 739 2361 in
760 2315 928 2377 conspectu:
961 2304 1079 2378 plurimo

139 2382 223 2457 igitur
236 2383 357 2440 clamore
371 2385 436 2440 iude
456 2385 491 2440 ad
511 2395 594 2441 tantae
614 2385 654 2440 rei
668 2382 833 2439 miraculum
846 2391 906 2438 orto
919 2382 1024 2439 excitos
1038 2401 1079 2440 re·

140 2477 207 2532 ges:
228 2471 256 2516 et
268 2480 353 2533 quum
367 2462 479 2533 quidam
493 2461 670 2518 familiarium
684 2479 782 2534 aquam
801 2460 836 2515 ad
849 2460 1078 2534 restinguendum
1088 2481 1113 2522 as

118 2529 124 2538 ’
140 2537 233 2608 ferret,
254 2538 289 2592 ab
308 2538 406 2612 reginei
426 2549 583 2595 retentum:
604 2539 753 2612 sedatoque
767 2555 829 2598 eam
843 2538 962 2594 tumultu
976 2538 1080 2596 moveri

140 2615 259 2670 vetuisse
279 2633 406 2689 puerum,
421 2617 510 2673 donec
532 2617 583 2673 sud
597 2628 693 2692 sponte
707 2626 883 2691 experrectus
897 2632 985 2672 esset:
1016 2637 1080 2674 mcx

122 2715 124 2723 ¹
141 2710 206 2748 cum
220 2712 317 2751 somno
330 2704 357 2750 et
370 2694 509 2751 flammam
524 2696 633 2753 abiisse.
674 2695 750 2752 Tum
764 2695 927 2751 abductam
941 2705 1080 2753 secretum

140 2771 360 2846 riroTanaquil,
381 2774 520 2831 “Vide”n
544 2784 574 2830 tu
595 2793 710 2852 puerum
732 2774 833 2842 hunc,''
849 2773 948 2846 iuquit,
968 2777 1080 2847 “quem

141 2853 160 2890 “
172 2861 228 2908 tam
242 2851 424 2908 humilicultu
434 2853 608 2909 educamus
600 2855 610 2893 l
633 2853 711 2909 Scire
722 2852 788 2908 licet
790 2819 1081 2941 ,irunclumenquom
1089 2872 1113 2912 an

141 2931 236 2986 “dam
256 2929 339 2986 rebus
367 2931 468 2986 nostris
493 2932 585 2988 dubiis
606 2931 649 2988 lut
638 2941 740 2996 t‚nrum
761 2930 974 3016 praesidiumque
996 2932 1080 3005 regiae

142 3010 160 3048 “
172 3007 289 3064 affiictae.
332 3009 452 3066 Proinde
466 3009 608 3066 materiem
630 3009 751 3084 ingentis
774 3006 886 3082 publice
901 3008 987 3080 privat
989 3007 1080 3081 imque

142 3087 161 3122 “
172 3085 280 3144 decoris
293 3088 368 3144 omni
382 3087 556 3162 indulgentia
569 3087 851 3150 nostraiuutriarrrus.''
885 3081 1082 3174 Iudepuerum

142 3163 259 3221 liberum
279 3165 340 3221 loco
360 3177 481 3240 eoeptum
502 3167 607 3237 haberi,
628 3163 785 3239 erudirique
799 3162 912 3228 artibus
927 3162 1047 3234 quibus
1040 3183 1082 3221 m·

143 3241 227 3320 genia
240 3243 274 3297 ad
288 3261 397 3317 magnae
421 3245 537 3301 lorturrae
551 3212 656 3302 οιιιιιιιιι
669 3243 832 3300 excitantur.
874 3240 975 3298 Evenit
989 3241 1081 3316 facile,
1091 3263 1115 3304 aa

144 3321 217 3396 quod
231 3320 293 3376 Diis
314 3322 390 3378 cordi
408 3333 489 3380 esset.
530 3323 646 3379 Juvenis
667 3321 753 3378 evasit
776 3339 840 3376 vere
861 3318 961 3374 indolis
981 3321 1081 3395 regiae:

144 3419 208 3466 nec,
222 3417 306 3488 quum
321 3413 487 3472 quaereretur
501 3421 587 3477 gener
600 3399 764 3490 Tarquinio,
786 3399 931 3486 quisquam
944 3397 1082 3460 Romana

143 3478 295 3552 juventutis
309 3477 365 3534 ullri
378 3489 436 3535 arte
459 3479 579 3536 conferri
598 3479 702 3554 poluit.
733 3478 872 3574 Γιιιιιιιιιιιιι
896 3475 922 3531 ei
940 3495 1019 3534 suam
1032 3499 1083 3538 rex

145 3555 301 3628 despondit
354 3557 421 3622 Hic,
443 3559 618 3631 qudcumque
644 3559 679 3613 de
705 3575 800 3627 causa,
821 3566 914 3614 taurus
935 3554 975 3613 illi
995 3557 1083 3616 honos
1134 3575 1139 3588 ¹

146 3632 267 3700 habitus,
294 3635 408 3691 credere
433 3627 568 3708 prohibet,
595 3654 673 3691 serva
699 3646 794 3690 natum
815 3653 889 3700 eum,
915 3649 1117 3722 parvumquesu

147 3710 238 3784 ipsum
249 3713 376 3769 servisse.
416 3711 521 3771 Eorum
534 3713 623 3803 magis
636 3712 780 3770 sententia
794 3731 855 3768 sum
857 3711 934 3787 ,qui,
948 3713 1104 3772 Cornicu-

146 3788 175 3852 lo
188 3800 277 3866 capto,
291 3791 381 3854 Seruii
394 3789 492 3860 Tullii,
505 3792 553 3866 qui
567 3791 696 3868 princeps
717 3791 746 3847 ιιι
765 3790 811 3849 illrl
831 3759 899 3850 uibe
913 3789 1011 3865 luerat,
1025 3811 1085 3868 gra·
