2638 4206
191 343 246 403 lau
507 355 509 363 2
567 339 634 391 τιτι
649 341 727 390 mvn

189 502 246 541 non
273 482 381 540 fortuna
410 481 500 554 mode,
512 485 563 541 sed
588 484 657 541 ratio
682 484 775 554 etiam,
789 501 852 538 cum
869 481 996 540 ‘barbaris
1016 485 1159 555 stabat-3

190 561 224 618 In
238 561 322 617 alteri
335 561 394 617 acie
408 561 476 617 nihil
497 561 585 619 simile
606 561 750 630 Romanis,
772 579 827 617 non
847 561 919 635 apud
942 563 1038 633 duces,
1058 581 1113 621 non
1155 561 1158 588 ¹

189 639 260 713 apud
274 639 381 708 milites,
391 649 464 694 erat:
479 659 560 714 pavor
569 640 686 714 fugaque
697 649 879 713 occupaverat
889 639 1005 710 animos,
1016 650 1044 697 et
1054 650 1114 698 tan·
1199 681 1204 694 .

188 729 215 772 ts
228 717 368 772 hominum
377 716 484 786 oblivio,
499 728 530 773 ut
539 717 625 773 multd
634 717 718 792 major
731 735 793 790 pars
804 716 896 790 veja,
906 717 934 772 in
943 718 1061 774 hostium
1071 737 1114 775 ur·

187 793 259 864 bem,
273 812 357 867 quum
368 793 479 850 Tiberis
493 805 605 864 arceret,
627 796 708 868 quim
731 805 806 850 recto
828 794 925 849 itinere
943 795 1064 851 Romam
1078 797 1112 852 ad
1132 809 1146 848 o

184 872 319 946 conjuges
332 889 364 927 ac
378 871 478 928 liberos
489 873 623 947 lugerent.
664 872 813 946 Parumper
824 871 1000 928 subsidiarios
1010 883 1113 930 tutatus

185 959 227 1005 est
240 950 332 1005 locus:
353 949 381 1004 in
396 949 499 1023 reliqua
513 951 573 1006 acie
587 950 668 1006 simul
681 961 723 1006 est
735 950 845 1018 clamor,
859 949 988 1023 proximis
999 951 1033 1006 ab
1046 950 1113 1008 lete-

186 1045 224 1096 re,
233 1027 336 1083 ultimis
345 1027 379 1082 ab
388 1037 473 1101 tergo,
483 1029 601 1098 auditne,
613 1029 737 1104 ignotum
746 1029 851 1083 hostem
860 1025 933 1100 prius
944 1046 1020 1100 paene
1029 1027 1112 1102 qudm

185 1105 317 1176 viderent,
341 1124 396 1160 non
417 1104 497 1161 modi>
511 1125 566 1161 non
580 1117 684 1162 tentato
707 1105 868 1175 certamine,
884 1105 932 1160 sed
943 1123 978 1160 ne
991 1106 1111 1163 clamore

182 1182 293 1255 quidem
307 1183 423 1253 reddito,
438 1183 537 1258 integri
551 1184 700 1256 intactique
714 1183 851 1257 sugerunt.
880 1181 942 1238 Nec
956 1183 1011 1238 ulla
1021 1184 1112 1239 caedes
1123 1195 1145 1235 rs

183 1260 364 1334 pugnantium
379 1259 444 1316 suit:
475 1272 552 1335 terge
565 1280 636 1317 caesa
650 1272 757 1316 suomet
780 1261 899 1334 ipsorum
918 1261 1069 1316 certamine
1083 1261 1111 1316 in

181 1337 263 1394 turba
277 1338 484 1411 impedientium
499 1338 599 1413 sugam.
639 1339 723 1394 Circa
736 1337 822 1411 ripam
834 1337 953 1406 Tiberis,
965 1336 1018 1411 qud
1029 1338 1111 1394 armis

182 1415 296 1490 abjectis
310 1427 395 1472 totum
409 1415 549 1472 sinistrum
563 1435 649 1472 cornu
664 1415 778 1490 defugit,
800 1433 901 1490 magna
921 1426 1025 1490 strages
1039 1415 1111 1473 sacta

182 1505 241 1548 est:
262 1494 424 1566 multosque,
438 1493 577 1568 imperitos
597 1494 683 1550 nandi
704 1503 751 1549 aut
773 1493 915 1562 invalidos,
935 1511 1032 1566 graves
1049 1492 1110 1550 lori·

181 1571 222 1627 cis
233 1572 354 1644 aliisque
369 1572 545 1645 tegminibus,
568 1573 682 1628 hausere
703 1571 833 1644 gurgites.
874 1569 998 1626 Maxima
1017 1582 1143 1627 tamense

181 1668 242 1722 pars
255 1649 400 1704 incolumis
416 1649 498 1723 Vejos
508 1649 644 1724 perfugit3
659 1650 732 1704 uude
744 1665 798 1703 non
814 1645 894 1703 modd
904 1649 1023 1724 praesidii
1033 1649 1110 1722 quid·

181 1744 271 1798 quam,
297 1727 345 1780 sed
366 1745 401 1780 ne
422 1727 535 1782 nuntius
555 1727 666 1799 quidem
682 1725 777 1794 cladis,
800 1723 919 1781 Romam
940 1736 982 1782 est
1001 1727 1108 1782 missus.

180 1802 226 1858 Ab
240 1804 336 1858 dextro
349 1821 444 1872 cornu,
458 1805 530 1876 quod
544 1803 638 1877 procul
653 1822 669 1858 a
683 1802 795 1858 llumine
809 1813 836 1857 et
850 1803 938 1876 magis
951 1804 1003 1860 sub
1016 1815 1109 1860 monte

179 1891 299 1952 steterat,
313 1880 433 1937 Romam
447 1900 543 1937 omnes
557 1882 669 1955 petiere,
682 1891 719 1953 et,
737 1899 773 1935 ne
787 1879 888 1936 clausis
900 1880 1011 1954 quidem
1024 1882 1108 1956 portis
1158 1874 1162 1902 '¹

179 1959 263 2030 urbis,
277 1959 306 2016 in
320 1977 412 2015 arcem
425 1959 617 2034 confugerunt.
650 2019 654 2030 ,
1117 1971 1142 2010 so

215 2115 357 2172 XXXIX.
390 2116 483 2174 Gallos
503 2135 610 2190 quoque
634 2115 708 2171 velut
727 2115 931 2190 obstupefactos
944 2116 1106 2172 miraculum

177 2195 297 2251 victorie
312 2206 366 2250 tam
381 2195 531 2268 repentinae
540 2198 646 2250 tenuit:
678 2205 706 2250 et
718 2194 769 2267 ipsi
781 2211 879 2266 pavore
889 2193 969 2248 defixi
983 2194 1105 2268 primum
1189 2221 1190 2232 κ

177 2284 318 2344 steterunt,
334 2272 406 2327 velut
419 2272 517 2346 ignari,
535 2273 601 2344 quid
622 2271 785 2328 accidisset:
814 2271 914 2326 deinde
936 2271 1049 2328 iusidias
1063 2291 1107 2327 re·

175 2351 244 2420 reri;
266 2349 401 2424 postremd
414 2369 548 2406 caesorum
571 2350 656 2423 spolie
676 2349 777 2423 legere,
799 2365 989 2422 armorumque
1010 2368 1106 2405 cumu-

175 2427 224 2493 los,
245 2439 276 2484 ut
296 2447 353 2484 mos
373 2427 413 2482 eis
433 2438 484 2492 est,
506 2446 678 2483 coacervare.
725 2425 801 2481 Tum
821 2425 942 2492 demum,
962 2439 1139 2501 postquamae

175 2505 244 2562 nihil
258 2523 373 2577 usquam
387 2504 485 2560 hostile
506 2505 678 2571 cernebatur,
699 2503 776 2562 viam
785 2503 911 2576 ingressi,
932 2505 1005 2560 haud
1020 2504 1105 2561 multd

175 2593 237 2638 ante
252 2582 315 2638 solis
329 2600 459 2638 occasum
473 2583 507 2637 ad
522 2583 616 2637 urbem
631 2577 751 2636 Romam
763 2581 941 2655 perveniunt:
962 2583 1009 2638 ubi
1020 2601 1104 2657 quum
1153 2623 1158 2663 ;

173 2660 316 2736 praegressi
339 2659 453 2733 equites,
475 2679 531 2718 non
558 2669 648 2734 portas
672 2659 788 2724 clausas,
810 2677 866 2714 nou
890 2659 1034 2716 stationem
1054 2679 1103 2734 pro

172 2739 257 2814 portis
282 2738 431 2802 excubare,
459 2757 515 2793 non
542 2747 659 2794 armatos
682 2755 741 2794 esse
762 2737 790 2791 in
811 2737 904 2807 muris,
928 2739 1101 2805 retulissent;

173 2817 247 2874 aliud
260 2816 343 2891 priori
356 2815 444 2872 simile
466 2816 628 2871 miraculum
648 2833 695 2871 eos
714 2813 861 2882 sustinuit;
882 2827 1046 2889 noctemque
1060 2827 1136 2872 veae

172 2895 216 2952 riti
236 2906 264 2951 et
284 2895 384 2969 ignotae
404 2894 487 2950 situm
507 2894 583 2950 urbis
610 2894 681 2948 inter
711 2893 831 2948 Romam
862 2903 942 2966 atque
962 2895 1102 2950 Anienem

172 2973 333 3039 consedere,
355 2971 569 3045 exploratoribus
590 2971 680 3030 missis
693 2971 769 3025 circa
791 2970 893 3028 moenia
910 2969 1030 3042 aliasque
1043 2989 1103 3044 por·
1191 3021 1196 3030 ,

172 3060 222 3120 tas,
237 3069 361 3122 quaenam
376 3049 499 3106 hostibus
522 3049 551 3105 in
564 3049 671 3123 perditis
685 3067 714 3104 re
728 3048 844 3104 consilia
857 3059 956 3104 essent.
997 3048 1102 3104 Roma·

170 3127 210 3197 ni,
224 3146 306 3200 quum
321 3147 382 3200 pars
396 3127 481 3202 major
494 3145 529 3182 ex
550 3128 610 3184 acie
630 3126 715 3200 Vejos
728 3126 848 3199 petisset,
862 3141 944 3180 nemo
957 3141 1100 3199 superesse
1171 3137 1174 3142 '

171 3223 334 3278 quemquam
359 3216 457 3278 preter
476 3223 534 3275 eos,
563 3204 609 3279 qui
638 3204 758 3260 Romam
778 3201 944 3276 refugerant,
963 3204 1134 3268 crederetis

171 3281 329 3357 complorati
344 3301 448 3352 omnes,
468 3283 569 3356 pariter
589 3282 641 3338 vivi
662 3281 824 3353 mortuique,
848 3289 932 3337 totam
951 3281 1033 3354 prope
1055 3299 1100 3337 ur-

171 3359 234 3418 bem
258 3359 384 3415 lamentis
405 3360 593 3434 impleverunt.
634 3359 756 3416 Privatos
777 3357 878 3414 deiude
896 3356 986 3415 luctus
1009 3368 1101 3433 stupe·

171 3439 237 3495 lecit
250 3437 377 3512 publicus
389 3456 480 3511 pavor,
501 3449 643 3512 postquam
658 3436 749 3493 hostes
763 3435 858 3492 adesse
872 3436 1027 3492 nuntiatum
1041 3446 1099 3493 est:

90 3512 92 3520 ’
170 3534 234 3572 mox
253 3516 372 3573 ululatus
392 3528 544 3589 cantusque
564 3516 698 3582 dissonos,
722 3515 884 3588 vagantibus
902 3513 977 3571 eirca
996 3514 1100 3572 moenia

170 3594 308 3649 turmatim
323 3591 454 3658 barbaris,
469 3593 626 3651 audiebant.
665 3592 758 3648 Omne
781 3591 845 3647 inde
866 3601 974 3666 tempus
988 3601 1132 3668 suspen-⁴0

170 3688 215 3726 sos
227 3669 265 3726 ita
277 3671 366 3728 tenuit
378 3671 485 3728 animos
497 3689 584 3744 usque
599 3671 632 3728 ad
646 3670 736 3727 lucem
758 3669 879 3739 alteram,
904 3681 935 3728 ut
947 3670 1098 3728 identidem

167 3747 224 3822 jam
237 3747 266 3804 in
288 3750 383 3806 urbem
404 3747 511 3806 futurus
530 3748 670 3812 ¹uideretur
694 3749 828 3823 impetus3
861 3749 949 3824 primo
970 3750 1097 3816 adventu,
