2638 4206
428 421 430 429 Δ
521 345 624 396 Lusus
638 345 670 394 V.
701 355 760 394 css.
777 358 836 394 nrm·
1089 342 1144 401 lffl

208 527 210 534 ι
251 485 335 544 u111.
354 487 373 524 “
385 487 458 544 ‘Sed
471 505 516 544 res
529 487 588 562 ipss
599 487 675 563 oogit
684 496 788 544 nestum
799 483 937 544 incendiis
949 482 1091 560 ruinisque
1102 503 1147 544 re·

215 564 234 600 “
243 567 251 599 ‘
260 564 384 640 linquere
397 565 504 632 urbem,
518 576 546 622 et
559 566 594 622 nd
613 566 720 640 integro
738 564 832 621 omnis
851 563 937 638 Vejos
949 562 1079 638 migrare,
1091 581 1146 622 neo

214 644 234 678 “
242 645 250 677 ‘
258 643 304 699 hle
314 643 478 700 edificando
491 643 601 718 inopem
614 643 726 718 plebem
739 639 856 698 vexere!
890 641 973 698 Hune
986 653 1080 698 sutem
1090 643 1148 716 jso·

154 731 158 739 “
215 720 293 776 “teri
305 721 394 796 mngis
414 739 537 792 osusam,
550 719 633 795 quim
646 739 739 778 veram
758 738 829 791 esse,
843 717 888 795 (ut
907 737 960 793 ego
972 737 1028 776 non
1041 718 1148 798 dicem)

180 799 235 852 i5“
243 816 374 872 apparere
387 799 473 866 vobis,
484 798 622 870 Quirites,
636 809 721 872 puto;
753 797 800 871 qui
813 796 987 868 meministis,
1008 806 1072 854 ante
1085 798 1150 857 Gul-

216 875 330 932 “lorum
345 877 503 944 adventum,
527 876 609 934 silvis
625 877 707 934 tentis
726 875 845 951 publicis
863 874 1039 949 privatisque,
1060 885 1150 932 stante

215 951 377 1011 “ineolumi
391 955 468 1022 urbe,
482 955 556 1012 huno
578 955 706 1012 eumdem
731 971 790 1010 rem
810 963 900 1010 notem
920 970 992 1024 esse,
1015 963 1046 1009 ut
1065 953 1151 1029 Vejos

215 1032 511 1107 “transmigraremus
551 1033 589 1090 Et
609 1033 708 1102 videte,
732 1041 866 1105 qusntum
890 1031 960 1087 inter
980 1049 1070 1087 meum
1091 1050 1152 1088 seu·

216 1113 235 1148 “
244 1109 357 1165 tentiam
382 1121 554 1185 vestramque
574 1110 691 1176 intersit,
712 1109 823 1166 tribuni.
863 1109 932 1175 Vos,
953 1108 1061 1165 etiamsi
1084 1119 1152 1167 tune

186 1191 210 1230 1⁰
218 1191 236 1226 ‘⁴
246 1186 404 1244 faciendum
430 1207 487 1244 non
513 1189 604 1254 luerit,
631 1207 708 1244 nuno
734 1187 828 1260 utique
855 1185 1014 1244 laciendum
1034 1187 1152 1261 putetis:

218 1269 299 1338 “ego
312 1264 418 1332 contris,
444 1265 511 1340 (neo
525 1266 553 1321 id
567 1265 657 1322 mirati
671 1265 730 1321 sitis
742 1263 826 1339 priis,
844 1263 936 1338 quim,
949 1263 1029 1338 qusle
1043 1264 1086 1335 sit,
1106 1283 1154 1322 su·

219 1341 365 1418 “distitis)
392 1342 500 1399 etiamsi
519 1351 587 1399 tuno
606 1341 782 1417 migrandum
813 1342 918 1413 fuisset,
946 1341 1077 1398 ineolumi
1096 1344 1154 1400 totu

219 1418 332 1489 “Urbe‚
346 1438 422 1476 nuno
436 1420 486 1476 hus
499 1420 592 1477 ruinus
605 1419 800 1493 relinquendas
812 1439 868 1476 non
882 1437 1034 1476 censerem.
1064 1419 1155 1494 Quip-

219 1495 355 1570 “petum
378 1515 463 1554 eausa
485 1497 564 1554 nobis
587 1497 616 1554 in
638 1498 735 1553 urbem
755 1507 864 1571 osptsm
884 1497 1021 1572 migrandi
1043 1497 1156 1554 victoris

188 1579 212 1618 1⁵
220 1573 238 1608 “
247 1584 330 1644 esset,
345 1574 464 1648 gloriosa
477 1575 557 1632 nobis
570 1593 603 1631 se
615 1575 731 1648 posteris
745 1575 863 1642 nostris3
891 1593 968 1631 nuno
983 1575 1044 1630 hee
1056 1575 1156 1650 migra·

220 1652 238 1685 “
247 1651 286 1707 tio
302 1651 383 1708 nobis
397 1653 498 1708 misere
510 1670 544 1708 so
563 1653 659 1726 turpis,
673 1651 761 1709 Gallis
781 1652 899 1726 gloriose
918 1662 979 1708 est:
1011 1653 1156 1710 nonenim

221 1728 390 1802 “reliquisse
404 1729 531 1799 victores,
545 1730 594 1785 sed
613 1729 736 1786 amisisse
760 1729 836 1800 vieti,
856 1730 972 1804 putrium
993 1729 1156 1788 videbimur.

222 1808 240 1842 “
249 1805 313 1863 Hoo
326 1807 360 1862 sd
375 1806 479 1863 Alliam
503 1807 577 1882 fugo,
599 1807 662 1866 hoo¹
675 1817 756 1880 eapte
768 1805 852 1876 Urbs,
875 1807 928 1864 hoo
943 1806 1157 1866 circumsessum

222 1884 419 1958 “Capitolium
433 1884 607 1942 necessitatis
615 1884 788 1958 imposuisse,
801 1885 1032 1942 utdesereremus
1043 1897 1159 1959 penates

190 1964 242 2006 ΒΝ
251 1971 367 2031 nostros,
381 1962 563 2035 exsiliumque
586 1979 620 2018 so
634 1962 728 2036 fugam
742 1961 821 2020 uobis
834 1981 870 2024 ex
880 1981 916 2020 eo
929 1961 991 2020 loeo
1003 1963 1159 2020 oonsoisoe·

224 2043 353 2109 “remus
367 2057 449 2112 quem
459 2040 531 2096 tueri
544 2058 599 2096 non
616 2058 776 2112 possemus:
802 2049 830 2096 et
843 2039 916 2096 Galli
929 2051 1052 2098 evertere
1064 2051 1159 2115 potus·

225 2120 317 2173 “runt
343 2117 473 2188 Romam,
497 2135 579 2190 quum
605 2117 728 2174 Romani
753 2117 897 2176 restituere
918 2136 974 2175 uon
993 2117 1160 2176 videbuntur

201 2187 204 2200 “
226 2193 376 2268 “potuisse
388 2196 399 2249 l
439 2194 518 2254 Quid
533 2204 625 2262 restet,
640 2194 693 2250 uisi
706 2205 747 2261 ut,
761 2195 784 2250 si
795 2195 851 2270 jam
862 2195 940 2253 novis
950 2195 1037 2269 eopiis
1047 2197 1161 2253 veniunt

225 2277 245 2311 “
256 2271 377 2348 (constet
389 2272 464 2328 enim
477 2273 525 2328 vir-
541 2272 701 2329 credibilem
716 2271 921 2331 multitudinem
935 2273 1020 2348 esse),
1043 2283 1072 2329 et
1084 2274 1162 2331 hubi·

192 2353 311 2407 Mure
324 2349 353 2406 in
368 2351 448 2423 capti
461 2349 496 2406 eb
516 2368 556 2416 se,
577 2350 686 2406 deserui
706 2349 820 2420 euobis,
834 2349 888 2405 hso
901 2348 968 2405 urbe
982 2349 1076 2417 velint,
1090 2351 1162 2408 sinn·

226 2428 310 2485 “tisl
350 2426 450 2486 Quidl
477 2427 501 2485 si
515 2445 570 2485 non
591 2427 663 2484 Gslli
677 2427 740 2493 hoe,
761 2427 810 2484 sed
830 2427 1049 2488 veterssihostes
1069 2429 1162 2498 vestri,

227 2500 245 2534 “
255 2505 341 2578 AEqui
354 2505 494 2572 Volsone,
508 2506 621 2576 leniant,
635 2515 666 2562 ut
679 2505 862 2580 commigrent
882 2504 1013 2571 Romam,
1036 2505 1163 2566 velitisne

228 2577 317 2640 “illos
330 2583 483 2650 Romanos,
498 2601 546 2640 tos
559 2583 692 2658 Vejentes
704 2584 785 2640 esssl
812 2602 848 2642 sn
869 2582 970 2640 molitis
983 2583 1056 2640 hono
1069 2585 1164 2643 solitu·

228 2655 349 2718 “dinem
363 2671 491 2731 vestram,
504 2660 586 2734 quim
599 2661 696 2718 urbem
710 2661 839 2728 hostium,
853 2661 937 2718 ossei
965 2679 1022 2718 non
1035 2663 1164 2736 equidem

195 2734 247 2781 Μ
256 2739 345 2808 video,
359 2738 424 2810 quid
438 2739 527 2813 magis
539 2738 618 2796 nelss
631 2739 674 2796 sit.
715 2739 786 2796 Haeo
797 2739 911 2810 seelera,
922 2738 986 2811 quit
995 2739 1071 2813 piget
1081 2739 1165 2796 edili·

230 2811 248 2845 “
258 2833 333 2880 esre,
347 2814 408 2870 heo
421 2815 558 2872 dedeoors
569 2817 625 2890 peti
639 2817 726 2890 parati
737 2817 823 2874 estisl
864 2816 895 2874 Si
908 2816 964 2872 tou
976 2815 1045 2872 urbe
1058 2816 1165 2874 nullum

231 2889 359 2948 “melius
379 2891 529 2964 ampliusve
548 2903 654 2950 teetum
673 2893 732 2950 fieti
746 2895 838 2968 possit,
852 2894 934 2972 quim
948 2910 1014 2949 essu
1036 2892 1083 2950 ills
1100 2911 1167 2950 eon·

231 2967 354 3026 “ditonis
367 2978 409 3024 est
431 2970 527 3037 nostri,
546 2989 602 3028 non
622 2970 651 3026 in
671 2970 752 3037 ensis,
773 2971 827 3029 ritu
849 2979 991 3046 pastorum
1002 2971 1167 3045 agrestium-

231 3045 321 3122 “que‚
348 3046 472 3104 habitate
499 3057 540 3104 est
566 3047 652 3106 satius
677 3048 748 3106 inter
768 3066 848 3107 suere
866 3056 1033 3122 penatesque
1053 3059 1166 3123 vestros,

197 3125 249 3168 Μ
258 3127 341 3202 quim
361 3125 517 3182 exsulatum
537 3125 647 3200 publici
671 3125 734 3183 irel
775 3126 896 3202 majores
916 3125 1012 3192 nostri,
1033 3144 1167 3191 conrenae

231 3204 251 3239 “
259 3215 445 3279 pastoresque,
459 3221 543 3278 quum
558 3203 588 3260 in
601 3203 645 3260 his
657 3203 726 3260 loeis
739 3203 818 3273 nihil,
830 3211 929 3278 preter
943 3202 1024 3261 silves
1041 3205 1168 3280 paludes·

232 3282 322 3356 “que,
337 3292 419 3347 esset,
434 3299 532 3338 novam
546 3281 644 3338 urbem
658 3292 713 3337 tam
727 3281 802 3338 brevi
817 3279 1007 3346 aedifioiruutt
1023 3350 1026 3360 Ι
1040 3301 1100 3354 nos,
1113 3282 1169 3339 Cn·

233 3358 252 3393 “
260 3359 364 3434 pitolio,
378 3377 443 3414 eros
456 3358 598 3430 ineolumi,
612 3359 749 3418 stantibus
761 3357 870 3433 templis
884 3357 1016 3432 Deorum,
1030 3359 1168 3417 aedifiosre

233 3436 377 3494 “incensu
389 3437 487 3512 pigetl
519 3447 557 3504 et,
578 3437 651 3512 quod
674 3435 776 3512 singuli
797 3435 895 3493 saoturi
918 3436 1030 3504 suimus,
1051 3437 1075 3494 si
1095 3437 1168 3494 edes

150 3545 152 3548 ·
201 3523 226 3564 ιι
234 3514 253 3548 “
261 3525 361 3572 nostre
375 3513 582 3590 deflngrissent,
596 3515 650 3574 hoo
663 3515 693 3580 in
706 3513 818 3594 publieo
839 3514 972 3580 ineundis
994 3514 1114 3578 universi
1127 3533 1169 3574 rs-

189 3649 195 3660 ,
233 3593 389 3666 “eqssmus
402 3592 517 3652 sseerel
