2622 4194
546 339 648 392 LIBER
661 339 682 390 1.
701 352 761 397 ure.
773 352 810 386 rx.
1100 342 1135 405 η

210 482 452 552 lueruntadcnec,
465 479 564 550 tradito
577 480 665 538 sorvis
675 480 794 556 publicis
806 477 913 538 solenni
923 477 1033 539 samue
1043 479 1138 540 micis

210 561 289 628 torio,
296 580 385 636 genus
392 577 475 618 omne
485 559 644 616 Potitiorum
655 558 767 615 interiit.
794 557 933 614 Ilaectum
943 575 1022 614 sacra
1029 555 1136 618 Romu·

210 637 254 696 lue
266 657 321 696 uua
334 657 369 696 ex
381 637 510 696 omnibus
521 635 668 712 peregrina
680 635 817 710 suscepit3
835 634 892 709 jam
905 644 964 690 tum
977 633 1137 694 immortali·

211 715 274 774 tatis
288 716 386 776 mucre
399 726 493 793 partae,
508 715 543 774 ad
560 732 643 792 quam
656 731 721 770 eum
740 731 792 770 sua
804 712 860 770 fota
872 711 1022 780 ducebant,
1037 712 1133 776 fautor.

188 883 200 923 ⁵
246 851 329 928 VlII.
350 871 449 928 Rebus
469 869 568 927 divinis
587 868 638 926 rite
659 867 829 943 perpetratis,
850 867 1048 956 vocatiquead
1069 887 1132 928 con·

208 947 303 1006 cilium
317 947 503 1015 multitudiue,
517 966 578 1021 quae
591 946 747 1004 coalescere
768 945 797 1002 in
819 945 911 1020 populi
932 964 1015 1002 umus
1036 965 1134 1021 corpur

207 1025 285 1084 nulli
297 1045 337 1098 re,
351 1037 530 1100 preterquam
550 1024 667 1099 legibus,
677 1028 796 1098 poterat,
813 1024 877 1098 jura
897 1023 993 1090 dedit3
1013 1043 1073 1098 que
1096 1024 1135 1082 ita

208 1114 305 1160 sancta
326 1103 422 1178 generi
443 1103 585 1160 hominum
608 1101 710 1176 agresti
724 1101 780 1158 lore
802 1111 886 1171 ratus,
901 1100 924 1158 si
937 1119 967 1157 se
980 1101 1038 1175 ipse
1051 1120 1134 1159 vene·

208 1181 322 1236 rabilem
335 1181 490 1256 insignibus
503 1179 610 1254 imperii
632 1179 749 1248 lecisset,
762 1197 847 1252 quum
869 1188 969 1236 caetero
988 1179 1082 1236 habitu
1098 1197 1133 1236 se

177 1278 200 1316 10
210 1259 403 1330 augustiorem,
413 1269 471 1314 tum
484 1257 601 1325 maxime
612 1256 754 1314 lictoribus
764 1255 911 1312 duodecim
922 1256 1046 1330 sumptis,
1058 1257 1132 1314 lecit.

209 1334 267 1390 Alii
288 1336 322 1390 ab
343 1354 460 1392 numero
480 1335 580 1402 avium,
594 1352 654 1407 quse
673 1333 787 1408 augurio
799 1351 916 1408 regnum
929 1334 1131 1407 portenderant,

207 1429 271 1466 eum
295 1423 420 1468 secutum
441 1430 587 1468 numerum
608 1421 723 1486 putant:
744 1429 788 1466 me
810 1411 883 1468 haud
901 1411 1016 1486 poenitet
1038 1431 1132 1469 eorum

208 1490 351 1544 sententiar
364 1509 434 1560 esse,
448 1489 546 1562 quibus
559 1500 588 1545 et
600 1489 765 1564 apparitores
778 1499 806 1544 et
818 1489 872 1545 hoc
884 1507 973 1563 genus
991 1489 1026 1546 ab
1039 1489 1133 1546 Etrus-

207 1565 247 1622 cis
260 1566 391 1633 finitimis,
406 1568 479 1622 uude
493 1567 560 1632 sella
579 1567 691 1633 curalio,
706 1566 780 1622 uude
799 1576 862 1640 toga
874 1576 1005 1640 pretextu
1025 1578 1134 1640 sumpta

175 1664 199 1702 15
207 1655 256 1713 ost,
270 1663 414 1701 numerum
427 1663 534 1718 quoque
548 1645 637 1719 ipsum
657 1645 773 1700 ductum
786 1643 891 1716 placet3
912 1654 940 1700 et
953 1643 991 1700 ita
1003 1644 1132 1702 habuisse

207 1721 348 1794 Etruscos,
359 1721 441 1796 qudd‚
450 1741 484 1778 ex
496 1722 641 1778 duodecim
650 1721 757 1796 populis
766 1721 1131 1798 communitercreatorege,

206 1799 327 1874 singulos
340 1800 440 1874 singuli
455 1800 546 1874 populi
559 1800 670 1856 lictores
683 1799 819 1855 dederint.
860 1798 1010 1857 Crescebat
1020 1801 1132 1860 iuterim

205 1877 277 1945 urbs,
292 1879 489 1934 munitionibus
503 1877 556 1934 alia
569 1889 649 1951 atque
670 1877 724 1932 alia
744 1877 897 1950 appetendo
918 1876 988 1944 loca,
1002 1897 1086 1951 quum
1100 1879 1130 1935 iu

205 1971 282 2026 spem
295 1955 382 2030 magis
396 1955 493 2013 futurae
506 1954 696 2026 multitudinis,
711 1954 792 2028 quim
803 1955 837 2010 ad
850 1954 878 2009 id
889 1955 961 2027 quod
972 1965 1030 2012 turn
1044 1956 1131 2012 homi-

171 2049 196 2088 eo
205 2049 271 2086 num
292 2044 359 2100 erat,
379 2033 527 2090 munirent.
579 2033 698 2102 Deinde,
721 2051 757 2088 ne
784 2051 854 2088 vana
873 2031 949 2088 urbis
969 2033 1132 2108 magnitudo

206 2117 288 2178 esset,
299 2108 460 2181 adjiciendae
474 2110 656 2166 multitudinis
669 2110 763 2176 causti,
777 2120 869 2166 vetere
883 2109 998 2167 consilio
1008 2112 1131 2167 conden-

205 2185 274 2240 tium
288 2185 376 2252 urbes¹
391 2185 446 2258 qui,
460 2186 603 2242 obscuram
618 2198 697 2259 atque
711 2187 844 2242 humilem
865 2188 1020 2244 conciendo
1041 2189 1075 2244 ad
1099 2207 1129 2245 se

204 2261 418 2332 multitudinem,
439 2273 533 2318 natam
556 2281 571 2318 e
592 2263 665 2318 terni
687 2263 739 2318 sibi
761 2263 865 2335 prolem
891 2266 1129 2332 ementiebantur3

202 2339 304 2411 locum,
317 2340 363 2414 qui
377 2359 453 2396 nunc
468 2350 562 2414 septus
582 2339 815 2396 descendentibus
839 2339 915 2396 Inter
936 2340 1014 2396 Duos
1036 2342 1131 2398 Lucos

169 2429 252 2484 esest,
267 2418 383 2490 Asylum
396 2417 498 2492 aperit:
518 2415 552 2473 ed
565 2415 741 2482 exlinitimis
754 2416 860 2490 populis
873 2417 952 2473 turba
965 2418 1055 2474 omnis
1068 2419 1129 2476 siue

202 2495 369 2564 discrimine,
382 2496 451 2552 liber
465 2514 500 2550 an
514 2513 608 2552 servus
620 2503 701 2560 esset,
716 2495 796 2549 avida
808 2511 940 2550 novarum
962 2513 1054 2552 rerum
1067 2515 1129 2570 per.

202 2572 288 2646 sugit:
312 2573 393 2646 idque
407 2573 525 2646 primum
538 2573 571 2628 ad
583 2582 701 2645 coeptam
714 2571 933 2645 magnitudinem
946 2573 1052 2630 roboris
1066 2575 1125 2632 fuit.

201 2649 298 2710 Quum
315 2651 371 2726 jam
385 2651 483 2706 virium
498 2651 570 2708 haud
584 2649 738 2736 poeniteret,
753 2649 897 2706 consilium
912 2650 1013 2707 deiude
1023 2652 1128 2714 uiribus

201 2738 293 2801 parat:
314 2739 427 2786 centum
440 2738 516 2784 creat
536 2738 693 2793 senatores3
714 2745 770 2782 sive
791 2728 856 2799 quia,
874 2727 897 2782 is
917 2747 1048 2785 uumerus
1061 2729 1127 2786 satie

168 2824 192 2863 au
201 2818 276 2872 erat3
296 2806 354 2862 sive
367 2806 431 2879 quia
444 2805 495 2864 soli
507 2817 619 2862 centum
633 2814 719 2869 erant,
733 2804 779 2876 qui
793 2805 880 2861 creari
896 2804 991 2862 Patres
1005 2816 1125 2880 possent.

201 2882 296 2940 Patres
308 2884 383 2940 certe
395 2883 430 2940 ab
440 2885 552 2954 honore,
560 2881 720 2958 patriciique
728 2882 873 2956 progenies
884 2901 978 2938 eorum
989 2881 1125 2957 appellati

238 3037 293 3096 IX.
314 3038 376 3096 Jam
391 3059 434 3096 res
447 3040 576 3096 Romana
588 3035 656 3094 aded
668 3046 727 3092 erat
749 3037 847 3104 valida,
861 3046 892 3092 ut
910 3036 1024 3094 cuilibet
1043 3037 1125 3095 finiti·

201 3135 308 3174 marum
321 3117 471 3174 civitatium
493 3117 564 3174 bello
583 3134 631 3190 par
644 3124 734 3184 esset;
755 3115 812 3185 sed,
832 3113 947 3189 penurid
967 3115 1123 3183 mulierum,

199 3194 318 3250 hominis
338 3205 446 3252 etatem
467 3195 597 3252 duratura
618 3192 779 3266 magnitudo
804 3202 877 3259 erat3
904 3192 1002 3267 quippe
1022 3193 1123 3268 quibus

167 3287 253 3328 senec
272 3273 346 3330 domi
366 3291 428 3346 spes
447 3272 539 3347 prolis,
560 3290 613 3328 uec
633 3288 696 3326 curo
720 3269 843 3326 finitimis
863 3271 1004 3326 connubia
1021 3280 1123 3328 esseut.

201 3347 275 3426 Tum
289 3369 324 3408 ex
337 3350 451 3408 consilio
465 3351 576 3407 Patrum
587 3347 725 3406 Romulus
735 3347 839 3422 legatos
849 3345 924 3404 cirea
939 3347 1045 3404 vicinas
1055 3365 1123 3422 geu·

201 3435 242 3484 tes
254 3428 337 3498 misit,
350 3427 396 3502 qui
413 3427 571 3484 societatem
593 3424 816 3497 counubiumque
838 3441 908 3480 noro
927 3425 1026 3500 populo
1048 3433 1126 3497 pete-=

200 3513 277 3560 rent:
298 3505 415 3562 “Urbes
434 3523 550 3578 quoque,
564 3514 595 3560 ut
614 3513 722 3572 cetero,
736 3520 771 3558 ex
790 3500 884 3558 infimo
896 3503 990 3558 nasci:
1011 3501 1120 3572 deiude,

200 3589 219 3616 ‘⁴
230 3599 298 3654 quas
308 3601 356 3640 sua
366 3583 451 3640 virtus
460 3601 494 3638 ac
505 3581 551 3638 Dii
562 3581 665 3656 juvent,
676 3597 791 3653 magnas
800 3597 866 3652 opes
876 3579 928 3636 sibi
936 3595 1120 3652 magnumque

166 3674 191 3715 ru
200 3667 219 3694 ‘⁴
229 3677 331 3718 nomeu
344 3661 443 3718 facere.
484 3659 558 3716 Satis
567 3658 658 3726 scire,
670 3656 770 3731 origini
791 3655 925 3714 Romanae
937 3667 966 3712 et
978 3655 1053 3712 Deos
1073 3655 1120 3711 ad-

200 3745 218 3773 “
230 3737 324 3804 fuisse,
338 3748 366 3794 et
376 3757 434 3800 anu
447 3738 602 3798 defuturam
616 3734 759 3791 virtutem:
772 3734 886 3808 proinde
897 3751 932 3792 ne
944 3742 1121 3808 gravarentur
