2638 4206
536 334 639 384 LIBER
654 335 696 384 IV.
728 349 787 386 ose.
799 349 834 386 rr.
1099 338 1153 398 109

223 473 407 546 “Pontifices,
431 494 557 551 augures,
581 477 703 536 Romulo
729 488 872 552 regnante,
896 477 965 535 nulli
992 487 1086 536 erant:
1117 479 1152 536 ab

224 555 346 626 “Numa
367 553 501 628 Pompilio
523 555 607 612 creati
631 566 704 614 sunt.
744 556 853 612 Census
866 555 895 612 in
919 555 1038 626 civitate,
1058 567 1086 613 et
1105 557 1152 614 de·

223 633 360 708 “scriptio
373 632 560 689 centuriarum
574 633 766 707 classiumque,
782 653 836 690 non
851 643 928 690 erat:
959 634 994 690 ab
1008 635 1067 690 Ser.
1083 634 1153 692 Tul·

223 711 285 768 “lio
295 723 339 768 est
353 711 433 766 sacta.
475 710 610 767 Consules
624 731 765 785 nunquam
776 711 884 768 fuerant
896 731 902 768 z
916 712 1027 786 regibus
1037 712 1151 783 exactis,

200 798 239 844 s“
249 789 332 846 creati
346 799 418 846 sunt.
459 787 608 845 Dictatoris
621 809 675 845 nec
696 790 841 864 imperium
861 809 915 846 nec
929 809 1030 847 nomen
1044 789 1151 848 fuerat:

221 867 320 941 “apud
333 879 425 941 patres
438 885 498 922 esse
509 867 601 940 coepit.
630 867 751 924 Tribuni
765 866 862 940 plebis,
877 867 980 938 aediles,
993 879 1150 941 quaeswres,

219 943 315 1000 “nulli
329 955 426 1000 erant:
447 944 601 1000 institutum
615 956 666 1016 est,
683 957 711 1000 ut
725 945 830 1020 fiere-nt.
851 945 1030 1002 Decemviros
1043 946 1151 1020 legibus
1180 977 1183 1010 ;

218 1022 400 1079 “scribendis
413 1021 484 1077 intra
497 1022 596 1078 decem
610 1025 658 1078 hos
669 1041 756 1080 annos
769 1034 797 1080 et
810 1023 972 1093 creavimuS,
983 1034 1011 1079 et
1024 1042 1039 1079 e
1053 1025 1151 1098 repub-
1182 1031 1186 1100 j

219 1110 236 1137 “
245 1101 300 1156 licia
314 1100 482 1156 sustulimus.
522 1099 596 1159 Quis
610 1101 726 1172 dubitat,
735 1101 811 1174 quin,
824 1101 852 1156 in
864 1111 996 1157 aeternum
1009 1101 1074 1157 urbe
1086 1120 1150 1158 con·
1183 1111 1187 1172 ’ζ

186 1197 209 1234 ro
220 1188 237 1214 “
246 1179 311 1248 dira,
323 1178 352 1234 in
363 1178 528 1233 immensum
540 1190 691 1251 crescente,
704 1198 774 1234 nova
783 1179 906 1252 imperia,
915 1179 1075 1248 sacerdotia,
1087 1179 1151 1254 jura

220 1256 369 1330 “gentium
384 1255 580 1328 hominumque
591 1257 790 1312 instituanturl
811 1257 874 1312 lloc
886 1256 985 1330 ipsum,
996 1276 1031 1312 ne
1045 1275 1150 1313 connu·
1182 1279 1184 1285 ’

219 1334 322 1390 “bium
347 1333 474 1388 Patribus
493 1351 557 1387 curn
578 1333 657 1406 plebe
678 1346 758 1406 esset,
783 1353 845 1404 non,
859 1335 1007 1391 decemviri
1027 1334 1151 1390 tulerunt

219 1411 341 1486 “paucis
361 1411 416 1481 his⁴
430 1409 511 1466 annis
531 1411 649 1484 pessimo
669 1413 794 1486 exemplo
814 1413 934 1486 publico,
956 1431 1020 1468 curn
1037 1413 1150 1480 ‚summai

218 1497 236 1526 “
246 1489 344 1563 injuria
357 1487 466 1562 plebisl
489 1507 492 1512 ·
506 1488 552 1544 An
567 1507 627 1544 esse
648 1490 703 1545 ulla
726 1491 812 1564 major
825 1501 872 1546 aut
886 1490 1040 1564 insignitior
1054 1499 1151 1547 contu·
1182 1536 1183 1542 ,

185 1567 326 1624 rs“melia
339 1565 533 1640 potest,'qubnr
552 1579 657 1640 partem
679 1568 804 1636 civitatis,
828 1568 901 1624 velut
923 1568 1148 1640 contaminatam,
1183 1563 1188 1578 ²

217 1644 385 1718 “indignam
412 1644 552 1700 connubio
575 1645 693 1702 haberil
734 1645 813 1707 Quid
837 1656 879 1701 est
903 1645 986 1716 aliud,
1008 1644 1150 1720 quamex-
1184 1659 1186 1668 ¹

216 1723 333 1778 “silium
354 1721 426 1777 intra
451 1722 549 1778 cadem
582 1723 693 1792 moenia,
725 1723 808 1796 qulam
838 1723 1043 1797 relegationem,
1064 1724 1147 1797 patil
1182 1737 1188 1758 ²

215 1800 287 1856 “Ne
309 1799 495 1870 affinitatibus,
517 1819 552 1856 ne
580 1800 828 1874 propinquitatibus
858 1801 1071 1871 immisceamur,
1102 1822 1148 1859 ca·

215 1883 324 1947 “vent;
357 1897 393 1934 ne
420 1877 540 1934 societur
564 1879 684 1952 sanguis,
723 1878 825 1938 Quid?
859 1879 911 1936 hoc
935 1880 958 1934 si
985 1880 1081 1953 polluit
1101 1899 1149 1937 no·

180 1956 374 2012 ao“bilitatem
407 1955 487 2010 istam
521 1966 647 2027 vestram,
690 1975 772 2030 quam
806 1957 927 2030 plerique
967 1958 1076 2014 oriundi
1111 1978 1147 2015 ex

216 2034 360 2090 “Albanis
386 2043 414 2088 et
434 2033 554 2103 Sabinis,
584 2053 640 2090 non
661 2053 764 2108 genere
785 2054 839 2090 nec
864 2035 1009 2108 sanguine,
1031 2035 1079 2092 sed
1099 2055 1148 2110 per

216 2111 443 2185 “cooptationem
458 2110 486 2165 in
500 2109 595 2166 Patres
615 2112 731 2183 habetis,
753 2124 800 2168 aut
814 2113 848 2168 ab
870 2113 982 2186 regibus
1001 2113 1076 2184 lecti,
1100 2126 1149 2171 aut

215 2199 303 2263 “post
317 2206 396 2262 reges
409 2198 520 2244 exactos
541 2188 619 2262 jussu
637 2191 748 2262 populi;
779 2191 915 2246 sinceram
939 2209 1046 2248 serrare
1060 2191 1147 2266 priva-

214 2267 277 2324 “tis
290 2265 413 2323 consiliis
434 2284 489 2320 non
509 2266 648 2338 poteratis,
669 2286 722 2322 nec
743 2267 872 2322 ducendo
891 2286 925 2322 ex
945 2268 1035 2340 plebe,
1057 2288 1147 2341 neque

179 2364 204 2404 aa
214 2355 231 2384 “
241 2356 344 2402 vestras
357 2343 426 2399 filias
440 2361 600 2416 sororesque
614 2345 736 2408 enubere
750 2343 867 2400 sinendo
880 2363 895 2398 e
910 2345 1057 2400 Patribusl
1089 2346 1117 2402 N
1119 2365 1147 2402 e·

213 2434 231 2462 ‘⁴
240 2442 285 2478 mo
298 2421 422 2496 plebejus
436 2420 558 2494 patriciae
573 2421 672 2494 virgini
686 2421 740 2478 vim
755 2421 881 2478 afferret:
902 2422 1078 2495 patriciorum
1092 2423 1146 2480 ista

213 2501 324 2558 “libido
338 2510 398 2555 est:
419 2515 501 2554 nemo
515 2498 631 2554 invitum
646 2500 802 2572 pactionem
816 2499 967 2574 nuptialem
981 2520 1146 2576 quemquam

213 2577 331 2634 “lacere
345 2577 491 2651 coegisset.
533 2577 640 2650 Verum
662 2577 802 2634 enimvero
820 2577 881 2652 lege
905 2577 933 2634 id
954 2579 1103 2652 prohiberi,
1118 2591 1146 2636 et

213 2655 408 2712 “connubium
423 2653 479 2710 tolli
500 2654 613 2710 Patrum
634 2674 667 2712 ac
680 2656 777 2730 plebis,
796 2656 824 2712 id
839 2657 951 2713 demum
965 2659 1146 2716 contumelio·

178 2751 203 2790 so
213 2743 301 2789 “sum
314 2733 386 2806 plebi
400 2743 459 2788 est:
481 2751 530 2788 cur
543 2733 618 2790 enim
633 2753 688 2790 non
707 2734 845 2804 consertis,
869 2754 905 2791 ne
929 2733 963 2793 sit
974 2736 1145 2792 connubium

212 2810 369 2866 “divitibus
393 2825 426 2864 ac
448 2811 636 2883 pauperibus?
675 2811 760 2871 Quod
781 2813 946 2885 privatorum
967 2813 1144 2868 consiliorum

213 2887 341 2960 “ubique
368 2905 475 2960 semper
502 2887 560 2958 fuit,
588 2904 625 2957 ut,
653 2889 682 2944 in
709 2907 791 2962 quarn
819 2890 918 2963 cuique
940 2889 1062 2964 soeminae
1080 2908 1145 2946 con·

169 2963 170 2968 ’
213 2975 230 3002 “
239 2965 359 3022 venisset
378 2965 499 3034 domurn,
514 2966 649 3034 nuberer;
670 2986 704 3022 ex
717 2967 772 3040 qual
791 2977 889 3042 pactus
901 2977 974 3022 esset
993 2966 1033 3022 vir
1053 2968 1144 3039 dom0,

211 3043 267 3100 “in
281 3035 486 3101 matrinioniurn
507 3043 637 3113 duceret3
672 3042 699 3100 id
724 3064 770 3100 vos
794 3046 845 3101 sub
858 3043 928 3118 legis
941 3045 1144 3118 superbissime

176 3132 230 3180 π’*
238 3121 349 3179 vincula
368 3120 515 3196 conjicitis,
529 3125 582 3195 qual
602 3123 736 3180 dirimatis
756 3123 916 3180 societatem
931 3122 1048 3194 civilem,
1064 3124 1144 3184 duas·

211 3211 290 3275 “que
304 3219 339 3256 err
353 3199 408 3255 unul
422 3199 533 3256 civitate
547 3200 663 3257 faciatis.
704 3201 762 3257 Cur
776 3221 831 3258 non
846 3200 969 3271 sancitis,
984 3219 1019 3258 ne
1034 3201 1142 3260 vicinus

212 3277 355 3352 “patricio
368 3277 404 3332 sit
416 3277 562 3352 plebejusl
583 3295 618 3334 ne
632 3280 729 3334 eodem
742 3279 839 3336 itinere
853 3289 899 3334 eat
910 3281 921 3334 l
942 3297 978 3334 ue
989 3279 1064 3336 idem
1077 3298 1143 3338 con·

213 3365 230 3392 “
239 3355 340 3412 virium
355 3355 452 3411 ineatl
476 3373 512 3410 ne
526 3355 554 3410 in
575 3355 633 3413 soro
653 3358 750 3414 eodem
771 3356 924 3414 consistatl
962 3356 1043 3418 Quid
1066 3355 1142 3412 enirn

213 3441 230 3468 “
239 3432 267 3488 in
288 3453 317 3506 re
330 3444 372 3490 est
386 3432 469 3501 aliud,
484 3433 505 3488 si
520 3433 655 3508 plebejam
668 3435 800 3510 patricius
814 3435 931 3506 duxerit,
955 3435 978 3491 si
998 3432 1142 3510 patriciam

176 3509 382 3585 eo“plebejusl
402 3510 467 3584 quid
478 3509 547 3584 juris
561 3513 673 3570 tandem
693 3513 833 3570 mutaturl
867 3532 967 3588 nempe
981 3523 1085 3588 patrem
1100 3529 1141 3568 se·

212 3596 230 3624 “
239 3599 358 3660 quuntur
371 3589 449 3646 liberi
462 3607 468 3644 :
489 3607 551 3658 nec,
563 3592 635 3663 quod
649 3611 699 3649 nos
713 3611 747 3648 ex
758 3590 897 3648 connubio
907 3605 997 3648 vestro
1006 3597 1141 3664 petamus,

211 3674 230 3708 ‘⁴
238 3665 387 3739 quidquam
399 3681 449 3738 est,
463 3678 642 3742 praeterquam
656 3681 687 3728 ut
699 3670 851 3740 hominurn,
866 3680 897 3726 ut
910 3669 1012 3727 civium
1026 3683 1142 3726 numero

510 3753 546 3813 10
