2620 4200
160 329 220 394 ato
563 323 763 382 nurum
815 374 818 382 ,
869 390 873 402 ἱ

162 468 200 530 ad
213 465 365 542 Hispaeiaa
377 465 513 534 attineret,
528 463 629 540 aliquot
649 467 706 542 jan
727 479 815 528 anuos
833 464 917 526 ihil.
930 463 1095 528 Corneliam

163 545 312 606 Lentulum
326 554 354 602 et
367 543 399 600 L.
414 543 551 602 Manlium
565 544 717 605 Acidinum
730 563 808 604 esse:
835 543 875 604 uti
887 543 1016 604 eonsules
1028 563 1096 605 ouen

163 623 280 684 tribunis
292 633 417 696 agerent,
438 621 460 678 si
480 621 521 682 eia
540 622 686 693 rideretur,
707 633 736 680 ut
755 623 865 697 plebem
887 609 1097 698 rogarent‚⁸cui

162 701 292 776 juberent
304 699 333 756 in
348 698 484 773 Hanania
498 699 642 774 imperium
656 719 735 760 ease:
766 701 790 756 is
801 719 837 758 eu
850 701 957 760 duobus
970 699 1097 759 exerciti-

165 777 216 836 bus
229 777 258 834 in
273 795 356 838 unam
370 777 507 852 legionem
531 778 717 836 conscriberet
739 779 882 838 Romanos
902 778 1012 848 milites,
1026 788 1054 835 et
1067 777 1097 836 in
1119 791 1133 834 t

164 854 325 930 quindecim
338 854 565 912 colrortessooios
585 855 678 912 Latini
700 856 828 924 niominis,
849 855 949 928 quibus
962 855 1098 929 provinci-

165 951 212 990 am
224 933 378 1001 obtineret;
407 943 512 990 veteres
525 933 627 990 milites
641 933 672 990 L.
687 933 832 992 Cornelius
845 945 874 992 et
886 933 919 993 L·
933 931 1055 992 Manlius
1068 931 1098 992 ia

164 1009 275 1080 Italiam
290 1011 472 1083 deportarent.
501 1010 641 1068 ,Cornelio
654 1011 762 1068 consuli
777 1011 976 1085 quinquaginta
987 1010 1100 1068 narium

166 1089 263 1149 classis
276 1107 311 1144 err
323 1087 431 1146 duabus
444 1087 587 1157 elassibus,
601 1087 655 1144 Cn.
668 1088 789 1154 Octavii,
800 1107 860 1162 qne
872 1089 901 1146 iu
909 1087 1004 1147 Africi
1017 1098 1101 1158 esset,

166 1163 198 1226 P.
212 1165 299 1232 Villii,
313 1184 373 1239 que
388 1165 491 1223 Sicilire
503 1183 579 1222 oraru
593 1166 730 1232 tuebatur,
751 1166 883 1233 decreta3
914 1175 952 1235 ut,
972 1183 1041 1238 quas
1053 1183 1103 1222 na·
1113 1177 1137 1218 aa

167 1261 216 1302 aes
234 1244 324 1313 vellet,
348 1243 497 1316 deligeret:
531 1243 563 1300 P.
587 1243 681 1317 Scipio
701 1243 883 1318 quadraginta
901 1243 998 1317 longas
1017 1261 1104 1300 nares

167 1321 292 1390 haberet,
317 1339 390 1395 quas
410 1319 565 1389 habuissem
599 1321 699 1394 quibus
725 1321 748 1378 si
773 1320 1008 1390 caucanam,
1031 1319 1105 1379 sicut

169 1399 334 1474 prefuisset,
354 1417 472 1472 preesse
492 1398 581 1467 vellet,
606 1397 724 1455 Octavio
743 1417 793 1472 pro
805 1407 921 1472 praetere
935 1399 964 1454 in
976 1415 1043 1454 eum
1056 1417 1105 1454 aa·

169 1495 238 1536 num
251 1477 396 1551 imperium
410 1487 501 1544 esset3
529 1475 551 1532 si
577 1476 694 1534 Laelium
715 1475 877 1550 preficeret,
899 1475 1033 1534 Octavius
1046 1475 1104 1532 Ro·

170 1573 246 1616 mam
257 1555 418 1622 decederet;
432 1554 632 1628 reduceretque
640 1572 734 1620 naves,
745 1553 845 1627 quibus
856 1553 963 1611 consuli
975 1570 1105 1609 ususuorr
1115 1562 1141 1602 1⁵

170 1643 253 1693 esset.
294 1632 331 1690 Et
343 1631 383 1688 M.
398 1631 487 1691 Fabio
501 1632 529 1689 in
551 1631 709 1688 Sardiniam
732 1631 829 1688 decern
850 1631 940 1705 longe
963 1629 1107 1686 naresde·

171 1721 264 1768 crete.
304 1709 342 1766 Et
354 1709 482 1766 consules
500 1710 569 1766 duas
590 1709 712 1783 legiones
733 1707 851 1765 urbanas
873 1707 994 1766 scribere
1015 1705 1106 1781 jussi:

171 1797 204 1844 ut
216 1786 425 1860 quatuordecim
438 1785 594 1858 legionibus
607 1804 640 1842 eo
654 1804 735 1853 anno,
749 1795 862 1842 centurn
876 1785 993 1842 navibus
1006 1783 1106 1859 longis,

172 1881 218 1934 nes
232 1863 343 1938 publiea
356 1862 600 1922 administraretur.

217 2019 311 2078 XLII.
342 2019 418 2078 Tum
432 2020 467 2077 de
479 2017 577 2094 legatis
590 2017 709 2093 Philippi
729 2028 758 2076 et
780 2017 1053 2093 Carthaginiensium
1066 2029 1145 2074 acuo

175 2109 245 2158 tum.
287 2097 396 2156 Priores
409 2097 581 2156 Macedonas
594 2096 733 2152 introduci
755 2096 877 2170 placuit:
907 2115 1022 2170 quorum
1036 2095 1112 2151 varia

175 2175 267 2234 matio
279 2175 350 2244 suit3
370 2175 468 2250 partim
481 2174 668 2249 purgantium,
690 2192 751 2246 quae
773 2173 862 2246 questi
884 2183 963 2230 erant
980 2172 1056 2229 missi
1076 2172 1111 2228 ad

128 2317 132 2326 ¹
176 2272 275 2329 segem
290 2253 411 2310 aRomt
424 2253 508 2328 legati
531 2253 566 2307 de
588 2251 764 2326 populatione
777 2251 932 2327 sociorum
959 2251 1058 2325 partim
1072 2249 1113 2306 nl·

153 2335 154 2345 ¹
181 2342 224 2390 tro
237 2333 427 2390 accusantium
441 2331 552 2404 quidem
563 2340 595 2386 et
608 2329 697 2386 socios
709 2328 804 2404 populi
819 2328 950 2394 Romani,
964 2329 1012 2384 sed
1026 2324 1113 2384 multi)

97 2439 101 2449 .
177 2409 304 2472 infestius
318 2409 359 2466 M.
374 2407 518 2478 Aurelium
534 2407 629 2484 (quern
642 2425 677 2462 err
690 2406 777 2463 tribus
797 2406 831 2462 ad
854 2405 989 2462 semissis
1005 2404 1147 2480 legatis&

177 2487 290 2544 delectu
307 2487 409 2557 habito,
418 2485 580 2554 substitisse,
589 2496 655 2542 etse
666 2485 738 2541 bello
748 2485 890 2542 lacessisse
904 2494 1000 2542 contra
1013 2483 1112 2549 faedus,

180 2575 209 2622 st
221 2583 293 2638 saepe
307 2583 372 2622 cum
386 2563 522 2637 prefectis
535 2562 591 2620 suis
605 2562 691 2636 signis
705 2560 812 2618 collatis
824 2561 976 2638 pugnasse)
988 2582 994 2630 ;
1015 2560 1113 2634 partim

180 2641 385 2716 postulantium,
413 2651 444 2695 ut
469 2639 640 2696 Macedones
669 2639 778 2712 duxque
807 2657 902 2696 eorum
924 2641 1046 2713 Sopater,
1065 2638 1113 2710 qni

181 2720 255 2794 apud
271 2717 457 2776 Hannibalem
470 2716 599 2772 mercede
619 2715 792 2782 militassent,
812 2717 940 2790 captique
954 2718 983 2792 in
996 2715 1114 2772 vinculis

179 2813 285 2869 essent,
298 2797 351 2854 sibi
364 2795 581 2852 restituerentur.
621 2793 763 2850 Adversus
776 2813 810 2852 ea
829 2793 868 2850 M.
883 2795 995 2866 Furius,
1015 2793 1150 2850 missso

183 2877 218 2934 ad
233 2876 261 2934 id
275 2876 365 2950 ipsum
378 2874 413 2930 ab
427 2872 542 2930 Aurelio
565 2891 600 2930 ex
620 2872 795 2938 Macedonia,
817 2873 955 2942 disseruit,
976 2867 1115 2926 “Au'rsli·

183 2964 204 2992 ⁴⁶
214 2973 260 3012 nm
274 2954 409 3020 relictum,
423 2969 459 3008 ue
472 2951 541 3008 socii
554 2949 646 3025 populi
660 2949 792 3016 Romani,
817 2950 881 3006 sessi
895 2947 1115 3024 populationibus
1194 2947 1201 2957 “

145 3028 148 3041 “
185 3041 293 3106 “atque
307 3030 416 3106 injurii,
431 3029 465 3085 ad
489 3045 582 3102 regem
603 3027 763 3093 delicerent,
782 3027 883 3084 finibus
903 3026 1038 3082 sociorum
1057 3042 1115 3080 non

186 3109 384 3166 “excessisse:
414 3106 523 3162 dedisse
543 3123 664 3180 operam,
685 3123 721 3160 ne
741 3103 852 3178 impune
872 3105 900 3160 in
920 3121 1000 3176 agros
1020 3120 1129 3158 eorumx

187 3186 443 3244 “nansoenderent
455 3182 636 3258 populatores.
689 3181 835 3255 Sopatrum
859 3200 893 3236 ex
913 3181 1069 3254 purpuratis
1089 3189 1152 3235 etat

189 3262 375 3340 “propinquis
388 3261 460 3336 regis
474 3279 553 3318 esse:
583 3279 647 3317 eurn
660 3277 724 3316 oum
744 3270 858 3334 quatuor
879 3257 1000 3314 millibus
1021 3257 1117 3332 Mace:

190 3353 209 3380 “
218 3343 320 3400 donum
334 3349 363 3396 et
374 3339 494 3414 pecuniis
507 3338 621 3396 missum
634 3355 722 3411 nuper·
744 3337 774 3394 iu
788 3335 912 3392 Africam
925 3354 996 3404 esse,
1010 3333 1118 3390 Hanni·

192 3419 275 3478 “beli
288 3416 617 3492 Carthaginiensibusque
635 3414 764 3472 auxilio.''
805 3413 848 3470 De
870 3412 913 3470 his
936 3413 1018 3470 rebus
1037 3412 1119 3468 inter·

190 3497 279 3573 rogati
293 3495 471 3559 Macedones,
485 3513 568 3567 quum
582 3491 710 3568 perplexe
723 3492 920 3566 responderent
942 3491 1004 3565 ipsi,
1024 3488 1117 3566 [aute]

190 3591 352 3649 responsum
366 3571 496 3637 tulerunt,
518 3571 651 3628 “Bellum
665 3589 787 3642 querere
807 3587 908 3643 regem,
922 3579 960 3640 et,
978 3568 1000 3624 si
1014 3573 1151 3642 pergattss

194 3651 381 3725 “propediem
396 3648 578 3706 inventurum.
606 3646 760 3720 Dupliciter
774 3649 809 3704 ab
822 3667 855 3702 eo
869 3646 958 3702 fredus
971 3646 1119 3710 violatum

193 3738 252 3786 “et
264 3727 338 3804 qudd
351 3724 433 3786 sociis
445 3725 537 3800 populi
550 3724 673 3785 Romani
685 3724 799 3801 injurias
823 3723 928 3795 feeerit,
943 3723 1013 3782 bede
1027 3721 1120 3780 armis·
