2622 4194
545 369 648 422 LIBER
663 367 683 422 l.
700 381 758 424 cart
769 373 847 424 nari.
1126 371 1163 436 19

231 512 263 572 br
275 509 384 590 legibus
397 512 657 590 magistratibusque
667 516 808 590 rogandis,
823 523 968 591 usurpetur
981 513 1057 572 idem
1067 513 1121 591 jus,
1134 517 1162 576 ri

230 593 375 667 ademptas
399 591 557 666 priusquam
570 592 688 666 populus
707 593 868 668 suffragium
882 594 967 664 ineat,
979 593 1010 650 in
1023 593 1163 652 incertum

231 670 406 727 comitiorum
419 680 549 726 eremum
573 669 668 726 Patres
681 683 808 728 suctores
822 671 900 728 fiunt.
940 671 1018 728 'l'um
1031 671 1162 743 interrex,

231 747 522 814 condemnaverat,
545 745 661 807 “Quod
676 748 787 819 bonum,
808 749 937 820 faustum,
959 749 1078 823 felixque
1098 749 1162 815 sit,.”

192 823 329 898 ¹⁵inquit‚
354 827 372 859 “
381 823 517 896 Quirites,
539 840 635 900 regern
656 835 765 894 create;
789 826 829 882 ita
851 826 979 883 Patribus
1000 826 1090 882 visum
1106 837 1162 884 est.

205 923 207 930 ‘
230 904 250 938 ‘⁴
258 902 355 960 Patres
368 901 479 971 deiude,
492 902 516 958 si
530 903 656 980 dignum,
670 904 716 977 qui
729 904 869 960 secundus
883 905 917 960 ab
931 903 1053 961 Romulo
1066 921 1163 960 nume·

229 981 249 1016 “
259 990 345 1052 retur,
367 979 501 1050 credritis,
525 989 651 1036 auctores
673 981 768 1037 fient’'
809 980 890 1037 Aded
911 983 940 1038 id
955 980 1069 1056 'gratum
1088 981 1164 1067 plebi

231 1058 293 1124 fuit,
306 1072 353 1127 ut,
377 1076 413 1114 ne
435 1057 502 1114 uicti
520 1057 657 1114 benetmio
675 1058 842 1127 riderentur,
863 1059 892 1114 id
911 1059 993 1116 modd
1014 1059 1166 1116 sciscerent

231 1136 422 1211 juberentque,
436 1145 467 1192 ut
480 1146 593 1192 senatus
606 1137 778 1208 decerneret,
791 1136 839 1210 qui
852 1137 952 1193 Romae
964 1147 1101 1212 regnaret.

148 1289 150 1301 ’
203 1293 227 1332 ¹⁰
273 1291 386 1348 XVIII.
408 1290 633 1366 inclytejustitia
653 1290 803 1368 religioque
823 1293 857 1349 ee
879 1302 1041 1368 tempestate
1064 1285 1166 1348 Nu'me

235 1369 363 1443 Pompilii
383 1381 450 1426 erat.
478 1369 612 1425 ‘Curibus
631 1369 745 1426 Sabinis
766 1370 916 1437 habitabat,
943 1369 1164 1427 consultissimus

235 1447 286 1518 vir,
301 1459 331 1502 ut
345 1447 373 1503 in
388 1446 433 1502 illa
446 1446 590 1520 quisquam
603 1456 682 1502 erate
705 1463 766 1503 esse
788 1457 903 1522 poterat,
926 1447 1016 1504 omnis
1029 1447 1115 1503 divini
1129 1456 1168 1503 at·
1233 1451 1236 1457 '

235 1543 289 1598 que
303 1523 416 1580 humani
428 1523 506 1598 juris.
536 1524 688 1580 Auctorem
701 1525 834 1580 doctrinm
848 1525 917 1599 ejus,
931 1527 996 1599 quia
1009 1543 1066 1581 nou
1079 1533 1168 1580 exstat

235 1603 315 1668 alius,
329 1600 398 1658 falsis
412 1602 538 1658 Samium
549 1601 723 1676 Pythagoran
738 1603 841 1670 edunt3
861 1621 953 1676 quem,
963 1602 1059 1659 Servio
1073 1601 1168 1658 Tullio

204 1682 228 1720 ¹⁵
236 1690 369 1754 regnante
384 1679 492 1750 Rome,
504 1690 618 1736 centum*
626 1680 748 1754 amplius
760 1689 927 1754 possennus,
937 1680 965 1736 iu
974 1680 1069 1736 ultima
1080 1678 1168 1734 ltaliae

235 1761 292 1824 ord,
306 1758 382 1813 circa
394 1755 587 1832 Metapontum
602 1757 821 1831 Heracleamque
842 1767 870 1814 et
892 1758 1027 1823 Crotrmar
1035 1759 1169 1832 Juverlum

237 1835 425 1892 emulantium
448 1833 540 1890 studia
561 1844 650 1890 cretus
676 1835 805 1891 habuisse
832 1845 947 1892 constat
1001 1834 1169 1908 quarbos

236 1912 314 1978 locis,
328 1913 380 1968 etri
393 1912 518 1986 ejusdem
531 1911 620 1968 etatis
632 1911 738 1979 fuisset,
760 1929 820 1986 que
841 1912 914 1968 lama
936 1913 965 1968 in
980 1912 1107 1977 Sabinos,
1122 1920 1170 1966 aut

236 2009 291 2062 quo
303 1991 406 2064 linguae
419 1989 596 2056 commercio,
610 2005 775 2064 quemquam
795 1989 831 2044 ad
848 1989 1029 2063 cupiditatem
1043 1987 1170 2045 discendi

204 2067 404 2122 iioexcivissetl
437 2083 524 2138 quove
544 2066 679 2140 praesidio*
691 2085 765 2124 uuus
785 2082 836 2141 per
856 2077 896 2122 tot
916 2076 1022 2142 gentes,
1045 2067 1171 2122 dissonas

172 2166 189 2214 ῃ
240 2159 366 2198 sermone
386 2143 569 2214 moribusque,
589 2144 778 2216 pervenissetl
825 2145 930 2218 Suopte
953 2144 1035 2219 igitur
1059 2142 1172 2219 ingenio

182 2222 190 2295 l
240 2230 421 2294 temperatum
443 2217 566 2274 animum
588 2219 734 2275 virtutibus
760 2221 845 2277 fuisse
870 2221 966 2294 opinor
992 2221 1097 2296 magis3
1130 2218 1172 2274 in·

181 2303 190 2360 t
241 2307 430 2370 structamque
450 2313 506 2352 non
526 2305 583 2351 tam
603 2296 757 2370 peregrinis
782 2298 896 2367 artibus,
918 2297 1000 2370 quam
1026 2295 1173 2370 disciplina

179 2371 186 2402 ⁵
240 2375 337 2432 tetrici
358 2393 391 2430 ac
414 2373 486 2430 tristi
504 2383 630 2430 veterum
649 2371 832 2442 Sabinorum
865 2391 919 2447 quo
943 2389 1046 2447 genere
1064 2374 1173 2430 nullum

207 2452 378 2526 ffiquondam
392 2451 578 2525 incorruptius
591 2450 654 2508 tots
676 2471 677 2476 ¹
692 2451 798 2509 Audito
811 2452 924 2508 nomine
945 2451 975 2507 N
976 2469 1057 2522 umas,
1078 2451 1173 2508 Patres

178 2549 181 2556 ·
233 2530 373 2599 *Romani
394 2547 560 2602 quamquam
580 2527 708 2586 inclinari
721 2544 798 2604 ‘opes
820 2530 854 2586 ad
879 2529 1004 2599 Sabinos,
1028 2547 1093 2606 rege
1107 2529 1173 2586 inde

210 2619 360 2684 „sumpto
383 2607 556 2673 videbantur,
577 2615 682 2678 tamem
701 2625 792 2680 neque
812 2625 842 2663 se
868 2607 1020 2680 quisquam,
1040 2625 1095 2664 nec
1115 2607 1174 2664 sac·

210 2685 326 2758 {tionis
345 2703 404 2740 suae
423 2685 520 2750 aliumn-
538 2701 592 2740 nec
612 2684 732 2757 denique
752 2684 865 2741 Petrum
887 2695 935 2741 aut
955 2684 1057 2741 civium
1078 2703 1174 2759 quem-

216 2770 326 2836 qquam
339 2761 466 2835 praeferre
479 2761 518 2818 illi
531 2761 590 2818 viro
603 2761 672 2831 ausi,
693 2762 728 2818 ad
751 2777 840 2818 unum
858 2779 955 2818 omues
978 2761 1080 2818 Numae
1094 2763 1174 2820 Poru-

217 2841 231 2868 ⁴
245 2840 310 2913 pilio
331 2857 448 2912 regnum
470 2839 650 2896 deferendum
670 2839 833 2896 decernunt.
873 2840 1000 2904 Accitus‚
1024 2839 1097 2894 sicut
1116 2839 1175 2896 Ro·

213 2915 337 2982 §mulus
350 2914 483 2989 augurat&
494 2917 564 2971 urbe
585 2915 730 2972 condendi
750 2935 867 2992 regnum
887 2917 1005 2988 adeptus
1022 2924 1073 2987 est,
1096 2916 1131 2972 de
1145 2929 1175 2974 s'e

218 2994 357 3128 nrt
370 2993 451 3128 rt
726 2990 1174 3129 ξξξνξξξξεξξ

247 3091 383 3206 dbdbcltus
397 3089 425 3204 ib
439 3089 541 3213 agrem,
556 3147 584 3205 in
599 3087 743 3222 lapidffi
763 3089 908 3205 pneqqqiem
930 3165 1024 3204 versus
1041 3071 1175 3206 consedit?

212 3227 347 3301 ssAugur
367 3227 402 3282 ad
423 3226 517 3281 luvam
541 3225 609 3300 ejus,
630 3225 721 3300 capite
741 3227 838 3295 velato,
861 3225 955 3280 sedem
978 3227 1060 3301 cepit,
1081 3228 1177 3284 dextra

247 3321 333 3362 uranu
355 3303 485 3360 baculum
506 3302 568 3358 siue
588 3303 661 3359 uodo
684 3303 824 3360 aduncum
847 3313 953 3372 tenens,
974 3315 1057 3376 quem
1076 3303 1177 3362 lituum

204 3411 208 3436 t
245 3381 461 3456 appellaverunt.
508 3379 580 3436 Inde
601 3380 658 3446 ubi,
680 3392 827 3455 prospectu
847 3381 877 3436 in
902 3381 998 3438 urbem
1025 3397 1176 3454 agrumque

246 3469 338 3533 captui
353 3458 428 3514 Deos
440 3467 580 3532 precatus5
598 3457 725 3532 regiones
745 3459 780 3514 ab
799 3457 904 3514 oriente
927 3459 962 3514 ad
984 3473 1116 3514 occasum
1130 3457 1177 3515 de·

251 3535 420 3603 terminavit3
448 3535 558 3590 dextras
578 3535 612 3591 ad
625 3533 769 3591 meridiem
788 3540 888 3608 partes,
910 3535 993 3590 larvas
1012 3534 1046 3589 ad
1061 3544 1178 3609 septem·

217 3611 368 3668 ratriouern
393 3631 453 3670 esse
479 3611 555 3668 dixit.
595 3611 712 3686 Signum
738 3611 843 3678 contri,
862 3611 916 3686 qud
935 3610 1178 3684 longissimdcon·

251 3699 375 3762 spectum
389 3690 461 3747 oculi
475 3689 609 3754 serebant,
623 3689 715 3745 animo
727 3689 822 3745 linivit.
862 3686 948 3754 Tum,
959 3688 1027 3744 lituo
1039 3688 1068 3746 in
1081 3689 1179 3745 lteram

208 3807 211 3832 ,
248 3783 371 3824 manum*
379 3768 518 3834 nausiam,
532 3767 627 3823 dextra
640 3766 668 3823 iu
682 3778 766 3841 caput
784 3765 886 3824 Nume
904 3764 1038 3838 impositi,
1051 3773 1178 3841 precatura
1214 3811 1219 3826 r
