2622 4194
521 353 622 406 LIBER
638 348 671 404 tr.
702 363 762 406 cun.
778 365 862 406 ωτι.
1102 351 1142 416 π

216 501 238 539 “
248 492 346 559 lttistrs
357 497 473 558 dictetur
493 509 549 555 ero.
588 497 741 556 Discordia
764 497 909 568 intestine,
929 491 1032 555 bellum
1054 505 1142 556 enter·

219 581 325 650 “-num,
339 577 442 644 seuere,
459 586 490 633 ut
511 577 563 633 hoo
583 575 744 650 magistratu
766 586 861 652 egeret
882 575 1044 650 respnblioe.
1084 574 1142 634 Pax

219 657 402 729 “sorispertu
415 664 478 722 est3
510 653 583 710 domi
603 654 767 727 impeditur:
799 653 919 728 privatus
937 652 1038 728 potitis,
1060 653 1142 726 qudm

219 734 372 804 “diotutor,
393 731 521 788 seditioni
540 731 689 788 interero.’'
728 730 780 802 lta,
803 732 879 790 emit
898 749 1033 806 egressus,
1056 730 1146 787 diote-

197 813 276 871 tturd
299 829 331 868 se
355 809 500 866 abdicavit.
540 809 677 884 Apparuit
689 827 773 867 oense
792 809 875 884 plebi,
896 827 974 866 suem
994 808 1082 866 vinem
1102 809 1146 866 in·

217 891 379 965 dignantem
400 887 559 962 magistratu
579 886 685 943 abisset
704 887 805 962 itaque,
826 887 900 943 velut
918 886 1055 962 persoluti
1079 886 1145 956 fide,

215 967 346 1043 quoniam
359 984 408 1040 per
426 984 489 1022 eum
510 975 566 1022 non
586 965 714 1029 stetisset,
735 965 801 1037 quin
815 973 995 1041 prestaretur,
1009 963 1147 1022 deceden-

215 1056 272 1103 tem
287 1045 478 1102 domumtum
492 1042 582 1099 serore
596 1061 630 1099 ao
642 1042 770 1099 laudibus
780 1042 917 1118 prosecuti
930 1052 1005 1100 sunt.
1171 1081 1176 1122 q

256 1198 384 1256 XXXII.
411 1197 509 1256 Timor
529 1197 593 1254 inde
613 1197 708 1254 Patres
728 1198 850 1270 incessit,
864 1213 909 1264 ne,
923 1197 946 1254 si
959 1196 1087 1254 dimissus
1100 1215 1147 1256 ex·

186 1281 211 1332 iu
220 1278 322 1334 eruitus
335 1277 413 1343 soret,
427 1294 521 1332 rursus
535 1286 622 1331 ooetus
636 1276 738 1332 occulti
759 1275 1015 1350 conjurationesque
1033 1274 1146 1332 fierentt

219 1355 321 1429 itaque,
341 1371 505 1428 quamquam
524 1371 572 1428 per
595 1353 755 1410 dictatorem
781 1353 904 1410 delectus
930 1353 1039 1408 habitus
1064 1364 1146 1426 esset,

219 1447 323 1502 tomen,
346 1431 474 1504 quoniam
494 1430 524 1486 in
542 1430 685 1488 consulum
709 1432 791 1488 verbe
808 1432 955 1506 jurdssenq
975 1440 1148 1488 sacramento

219 1511 307 1566 teneri
328 1508 442 1565 militem
463 1509 523 1575 reti,
555 1527 604 1582 per
624 1527 735 1565 osumm
756 1510 876 1566 renovati
903 1509 939 1565 ab
964 1508 1063 1582 AEquis
1082 1507 1147 1564 belli
1181 1537 1185 1544 ·

219 1587 301 1644 educi
314 1605 349 1642 ex
362 1586 430 1642 urhe
452 1586 576 1661 legiones
586 1586 708 1661 jussero:
735 1605 789 1660 quo
811 1586 884 1644 sacto
903 1597 1039 1644 muturete
1051 1595 1093 1642 est
1106 1603 1148 1642 se·

186 1665 294 1726 inditio.
334 1663 371 1720 Et
392 1662 482 1738 primd
506 1664 638 1739 agitatum
658 1664 759 1721 dieitur
779 1664 814 1721 de
839 1663 983 1722 consulum
1010 1664 1095 1734 oaede,
1116 1673 1148 1720 ut

218 1743 386 1800 solverentur
411 1751 600 1798 sacramento:
634 1741 729 1799 doctos
761 1742 873 1814 deinde,
905 1742 1009 1798 nullum
1041 1742 1146 1798 scelere

217 1821 378 1896 religionem
392 1819 504 1885 exsolvi,
519 1819 626 1876 Sicinio
645 1820 763 1892 quodam
786 1833 906 1891 auctore,
929 1820 1034 1896 injussu
1047 1837 1146 1877 oonsu-

217 1897 275 1954 lum
289 1898 318 1954 in
331 1899 448 1953 Sacrum
461 1907 584 1953 montem
604 1897 750 1954 secessisse
774 1896 862 1972 (trans
882 1899 1022 1955 Anienem
1036 1913 1147 1953 amnem

216 1985 268 2044 est,
282 1975 333 2031 trin
347 1975 381 2030 eb
395 1975 462 2030 urbe
476 1973 561 2030 millio
573 1969 726 2052 passuum.)
766 1973 810 2031 Ea
822 1974 989 2048 frequentior
1010 1974 1083 2030 lema
1095 1985 1147 2041 est,

184 2051 312 2125 siquem,
326 2051 405 2126 cujus
418 2049 482 2106 Piso
495 2061 589 2107 auetor
603 2062 652 2120 est,
666 2053 695 2108 in
710 2052 879 2109 Aventinum
894 2051 1081 2108 secessionem·
1091 2051 1148 2108 sse·

218 2140 274 2186 tum
288 2145 356 2184 esse.
395 2126 448 2192 Ibi,
472 2126 530 2182 sine
551 2128 607 2184 ullo
628 2130 710 2200 duee,
730 2130 800 2186 vallo
822 2129 948 2203 sossdque
968 2129 1146 2186 communitis

218 2206 325 2272 nestris,
348 2203 444 2279 quieti,
470 2221 527 2259 rem
553 2204 667 2274 nullam,
693 2206 748 2261 nisi
773 2208 957 2262 neeessariam
977 2206 1013 2262 nd
1032 2208 1146 2277 victum,

216 2283 361 2353 sumendo,
374 2299 423 2358 per
436 2281 537 2354 aliquot
549 2281 618 2347 dies,
630 2300 722 2355 neque
734 2282 854 2338 lacessiti
866 2301 956 2355 neque
968 2284 1146 2363 lqeessentes‚

217 2379 277 2418 sese
290 2363 412 2418 tenuere.
452 2359 539 2415 Pavor
560 2358 660 2433 ingens
680 2359 709 2415 in
730 2359 806 2429 urbe,
830 2370 958 2433 metuque
981 2370 1077 2417 mutuo
1090 2379 1148 2418 sus·

184 2454 302 2514 §pensu
321 2436 514 2496 ernntomnin.
554 2435 670 2492 Timere
690 2437 787 2493 relicta
806 2437 910 2494 abnuis
931 2437 1024 2512 plebes
1045 2437 1148 2496 violen-

218 2517 284 2573 tiem
297 2516 419 2582 Petrum,
433 2515 530 2571 timere
544 2514 640 2571 Patres
653 2514 770 2572 residem
785 2514 813 2571 in
827 2515 894 2576 urbe
907 2515 1025 2590 plebem,
1039 2515 1147 2585 inserti,

217 2611 329 2650 munere
342 2611 404 2650 enm
428 2611 463 2648 an
487 2591 562 2648 ubire
585 2591 706 2649 mallent
743 2591 871 2656 f‘ttutm
894 2593 942 2651 diu
962 2605 1054 2652 autem
1074 2606 1147 2652 tren·

218 2677 236 2714 ‘⁶
245 2671 366 2745 quidum,
380 2688 441 2743 quae
456 2669 608 2740 secesserit,
622 2670 827 2727 multitudinem
841 2671 917 2728 sorel
945 2671 1011 2746 quid
1024 2672 1147 2730 futurum

218 2754 237 2786 ‘⁵
248 2748 359 2818 deinde,
372 2748 480 2820 siquod
494 2758 638 2804 externum
652 2747 762 2804 iuterim
775 2749 877 2805 bellum
890 2749 1010 2807 existet?
1041 2751 1147 2806 nnllam

184 2845 210 2885 uu
219 2830 237 2862 “
247 2824 376 2902 prolecto,
390 2825 442 2881 nisi
456 2824 485 2880 in
498 2825 646 2881 concordie
659 2825 772 2897 uivium,
786 2845 862 2899 spem
876 2827 1008 2899 reliquam
1024 2828 1127 2882 ducere
1139 2844 1146 2881 t

218 2906 305 2959 “enm
319 2921 367 2977 per
381 2920 468 2976 equa,
490 2901 654 2976 periniqua,
677 2903 909 2960 reconciliandam
930 2902 1035 2958 eivitnti
1056 2904 1146 2959 esse.”

198 2980 326 3042 ,Pluouit
339 2980 422 3056 igitur
440 2991 573 3036 oratorem
595 2980 630 3035 ad
649 2979 757 3053 plebem
780 2981 851 3038 mitti
864 2979 1028 3036 Menenium
1043 2980 1144 3056 Agrip-

217 3077 291 3134 penr,
310 3058 461 3116 seeundum
484 3056 581 3124 virum,
605 3068 634 3113 et
650 3053 733 3133 (qndd
756 3058 821 3115 iude
842 3056 976 3114 oriundus
987 3056 1059 3136 erat)
1074 3059 1147 3132 plebi

218 3155 323 3194 eurum.
363 3136 402 3202 Is,
428 3135 600 3192 intromissus
623 3136 651 3190 in
673 3148 772 3206 eostre,
792 3135 883 3210 prison
908 3133 956 3190 illo
981 3134 1093 3200 dicendi
1118 3148 1148 3195 et

184 3215 327 3273 nshorrido
353 3213 443 3281 modo,
476 3213 546 3270 nihil
579 3213 663 3282 aliud,
690 3213 771 3287 qudm
799 3215 861 3282 hoo,
888 3213 1012 3270 nerrdsss
1045 3213 1148 3272 fertur:

219 3298 237 3329 ‘⁶
244 3292 394 3368 Tempore,
408 3309 462 3365 quo
475 3291 504 3346 in
520 3291 631 3348 homine
653 3309 720 3362 non,
741 3300 772 3348 ut
794 3309 880 3356 nuno,
903 3291 998 3348 omnin
1016 3292 1147 3349 inunum

219 3368 476 3436 “eonsentiebenn
506 3369 555 3424 sed
577 3368 694 3443 singulis
714 3367 844 3424 membris
860 3386 940 3424 suum
961 3369 1062 3444 ouique
1080 3385 1146 3424 oon·

219 3447 238 3482 “
246 3445 345 3519 silium,
358 3465 426 3503 suus
438 3463 528 3504 sermo
548 3445 645 3512 luerat,
668 3445 826 3521 indignatas
845 3446 962 3520 reliquus
982 3457 1082 3522 partes,
1096 3446 1147 3502 sud

219 3526 239 3560 “
247 3527 323 3591 onrd,
335 3543 385 3582 suo
396 3523 491 3580 labore
504 3541 538 3579 en
557 3523 718 3594 ministerio,
739 3523 827 3580 ventri
840 3525 934 3581 omnis
945 3523 1050 3600 querit
1079 3540 1146 3580 ven·

184 3620 210 3662 ru
219 3605 238 3638 “
246 3609 324 3670 nem,
337 3602 366 3658 in
379 3601 471 3658 medio
482 3599 614 3674 quintum,
628 3601 697 3659 nihil
719 3601 802 3672 eliud,
823 3603 903 3675 quim
916 3601 989 3660 detis
1001 3600 1146 3678 uoluptati·

218 3678 298 3736 “bus
317 3679 386 3735 frui:
418 3679 588 3754 conspirdsse
609 3679 685 3747 iude,
705 3697 742 3736 ne
755 3681 901 3738 munusod
923 3699 955 3738 os
974 3677 1070 3737 eibum
1092 3679 1145 3738 ser·

218 3760 316 3828 “rent,
342 3773 396 3824 neo
419 3775 452 3816 os
475 3755 615 3832 nooipsret
638 3757 742 3830 datum,
768 3775 822 3815 neo
850 3759 947 3817 dentes
967 3757 1144 3824 qouliesreut:
1203 3791 1207 3809 ι
