2622 4194
526 365 626 420 ausa
641 368 662 418 1.
687 381 815 420 cunm.
1098 367 1137 428 25

208 527 304 570 corum
321 509 419 568 virtute
442 520 524 586 atque
546 509 654 568 fortuna
675 511 813 586 positum:
846 509 937 585 itaque
960 525 1026 586 ergo
1049 508 1135 568 erecti

209 588 387 664 suspensique
409 588 439 646 in
462 588 575 646 minime
599 598 706 664 gratum
724 589 912 664 spectaculum
932 588 1025 645 animo
1047 587 1136 646 iuterr-

210 667 320 724 duntur.
360 666 449 724 Datur
460 667 589 742 signum:
604 666 764 740 infestisque
775 667 868 734 armis,
881 666 956 722 velut
966 666 1050 737 acies,
1064 665 1135 722 terni

205 745 331 820 juvenes,
355 761 516 820 magnorum
540 745 711 802 exercituum
733 745 840 802 animos
860 752 997 820 gerentes,
1021 761 1137 800 concur·
1202 753 1204 760 ’

187 833 289 897 μυηῐε
310 839 364 879 nec
378 823 421 879 his
434 841 487 879 nec
500 822 553 880 illis
565 822 718 897 periculum
729 841 825 892 suum;
839 822 981 896 publicum
991 820 1137 896 imperium

207 901 403 974 servitiumque
416 901 574 958 obversatur
587 901 688 971 animo,
713 900 856 974 futuraque
877 919 913 957 ea
929 899 1030 956 deinde
1043 898 1138 973 patriae

207 977 324 1049 fortune,
350 996 431 1051 quam
454 979 506 1054 ipsi
530 978 668 1035 fecissent.
715 978 753 1034 Ut
774 979 863 1053 primo
885 978 976 1034 statim
999 995 1139 1033 concursu

207 1055 372 1134 increpuere
386 1075 469 1129 arma,
494 1056 684 1130 micantesque
698 1056 798 1113 fulsere
822 1055 916 1130 gladii,
931 1056 1024 1112 horror
1038 1054 1139 1129 ingens

208 1144 365 1208 spectantes
386 1135 544 1210 perstringit
554 1153 568 1202 ς
596 1146 633 1200 et,
656 1137 754 1191 neutro
778 1133 911 1190 inclinate
934 1152 992 1208 spe,
1014 1133 1140 1206 torpebat

177 1229 262 1284 ,oros
274 1213 446 1286 spiritusque.
487 1212 629 1270 Consertis
642 1213 743 1268 deinde
757 1212 892 1282 manibus,
917 1229 1001 1285 quum
1012 1210 1069 1285 jam
1082 1227 1139 1267 non

211 1299 301 1346 motus
311 1291 419 1346 tantrim
433 1309 588 1364 corporum,
608 1289 772 1364 agitatioque
796 1307 898 1364 anceps
921 1289 1038 1345 telorum
1052 1305 1140 1345 armo-

211 1385 336 1440 rumque,
350 1368 399 1423 sed
411 1368 525 1424 vulnera
542 1385 647 1441 quoque
670 1377 698 1424 et
721 1369 833 1442 sanguis
857 1366 1015 1442 spectaculo
1028 1375 1139 1434 essent3

210 1444 267 1500 duo
281 1445 412 1512 Romani,
427 1465 508 1520 super
521 1445 604 1501 elium
628 1444 705 1512 alius,
730 1445 879 1501 vulneratis
902 1445 988 1500 tribus
1012 1443 1156 1510 Albanis,=

210 1523 380 1596 exspirantes
403 1532 582 1580 corrueruntr
616 1523 650 1578 ad
673 1541 788 1596 quorum
810 1541 905 1578 casum
928 1541 1012 1595 quum
1033 1521 1141 1577 concla-

179 1602 311 1672 15mlsset
333 1600 434 1676 gaudio
458 1601 584 1657 Albanus
607 1602 753 1667 exercitae,
774 1600 918 1657 Romanas
943 1599 1067 1674 legiones
1084 1599 1141 1674 jam

210 1697 272 1753 spes
295 1688 360 1750 tota,
384 1679 506 1736 nondum
530 1690 623 1736 tamen
644 1697 719 1745 cura,
745 1679 911 1746 deseruerat,
925 1677 1067 1734 exanimes
1082 1677 1142 1733 rice

210 1757 302 1822 unius,
317 1768 467 1830 quemtres
480 1756 597 1813 Curiatii
612 1755 859 1813 circumsteterant.
900 1755 983 1812 rorte
997 1755 1020 1811 is
1033 1755 1142 1831 integer
1164 1765 1167 1772 “

211 1833 269 1904 fuit,
284 1844 315 1890 ut
329 1835 462 1891 universis
475 1835 548 1892 solus
561 1837 734 1909 nequaquam
748 1853 806 1908 par,
820 1835 861 1890 sic
875 1834 1004 1890 adversus
1018 1833 1160 1908 singulos.

211 1912 301 1969 ferox:
332 1906 462 1988 ergosut
482 1922 640 1988 segregaret
653 1931 774 1987 pugnam
787 1931 891 1977 eorum,
906 1911 1025 1986 capessit
1038 1911 1142 1986 fugam,

177 1989 249 2060 mita
273 1999 348 2048 ratus
371 2000 523 2058 secuturos,
550 2000 581 2047 ut
606 2008 740 2064 quemque
763 1989 874 2046 vulnere
888 1989 1019 2045 affectum
1042 2007 1143 2063 corpus

212 2067 323 2122 sineret.
363 2068 426 2122 lam
440 2068 608 2140 aliquantum
632 2069 712 2142 spatii
725 2087 762 2124 ex
785 2087 819 2124 eo
832 2068 902 2132 loco,
927 2066 975 2123 ubi
988 2076 1144 2141 pugnatum
1232 2071 1235 2076 “

212 2153 263 2215 est,
278 2143 430 2218 aufugerat,
444 2163 528 2216 quum
548 2145 699 2217 respiciens
722 2146 796 2200 videt
819 2145 926 2219 magnis
939 2145 1090 2200 intervallis
1104 2161 1147 2201 se·

212 2232 348 2294 quentes3
369 2239 455 2276 unum
469 2221 543 2276 haud
556 2222 650 2294 procul
665 2223 699 2276 ab
710 2241 773 2278 «sese
787 2223 902 2277 abesse:
922 2222 952 2277 in
965 2241 1030 2279 eum
1043 2241 1145 2298 magno

211 2299 316 2374 impetu
330 2299 428 2355 rediit:
449 2308 486 2366 et,
498 2299 564 2354 dum
574 2298 700 2354 Albanus
713 2299 849 2353 exercitus
859 2299 991 2354 inclamat
1004 2299 1147 2370 Curiatiis,

179 2375 252 2448 ffiuti
265 2395 345 2451 opem
360 2368 448 2432 lerant
462 2376 545 2442 fratri,
568 2375 625 2450 jam
650 2375 791 2446 Horatius,
815 2393 887 2431 creso
901 2377 978 2432 hoste
994 2378 1090 2444 victor,
1105 2395 1150 2434 se-

213 2455 332 2511 cundam
347 2473 467 2529 pugnam
483 2453 601 2529 petebat.
642 2453 719 2510 Tum
742 2453 871 2524 clamore,
896 2453 985 2527 qualis
1008 2473 1044 2512 ex
1058 2455 1150 2530 inspe-

212 2543 272 2589 rato
295 2533 445 2589 faventium
464 2532 541 2602 solet,
565 2531 688 2588 Romani
711 2531 842 2606 adjuvant
855 2531 971 2589 militem
985 2552 1086 2602 suum3
1120 2545 1148 2590 ct

152 2652 158 2658 .
213 2609 259 2668 ille
273 2611 387 2685 defungi
400 2610 495 2685 proelio
509 2609 627 2667 festinat.
668 2607 747 2665 Pritis
771 2609 871 2684 itaque,
896 2611 978 2685 quairn
1001 2613 1079 2678 alter,
1101 2612 1147 2685 qui

214 2707 267 2744 nec
281 2690 375 2762 procul
399 2689 503 2760 aberat,
527 2688 658 2762 consequi
681 2696 783 2761 posset,
806 2699 835 2744 et
857 2688 976 2749 alterurn
991 2689 1148 2747 Curiatium

182 2767 335 2844 poconfrcit.
376 2767 502 2840 Jamque,
517 2763 622 2839 aequato
646 2765 746 2836 Marte,
768 2767 869 2842 singuli
883 2779 1062 2842 supererant3
1097 2768 1148 2823 sed

215 2862 269 2900 nec
283 2863 330 2918 spe
344 2863 397 2900 nec
411 2844 513 2900 viribus
530 2861 627 2918 pares:
658 2844 774 2899 alterum
798 2845 931 2902 intactum
955 2846 1026 2902 ferro
1039 2863 1149 2918 corpus,

216 2932 244 2980 et
257 2922 398 2996 geminata
410 2922 531 2990 victoria,
546 2922 666 2977 ferocem
690 2921 719 2977 in
743 2933 882 2982 certarnen
901 2924 1013 2978 tertium
1027 2922 1147 2990 dabant;

216 2999 293 3070 alter,
308 2999 409 3056 fessum
423 2999 545 3070 vulnere,
570 2999 672 3056 fessum
696 3018 779 3056 cursu
803 3002 914 3057 trahens
927 3007 1034 3074 corpus,
1049 2997 1150 3056 victus·

215 3095 269 3150 que
283 3077 397 3134 fratrum
411 3088 474 3133 aute
487 3096 517 3132 se
532 3087 631 3151 strage,
647 3077 742 3134 victori
755 3078 883 3152 objicitur
897 3077 986 3134 hosti:
1014 3097 1067 3135 nec
1081 3079 1151 3135 illud

185 3155 342 3234 ,prelium
357 3156 416 3212 fuit.
456 3155 603 3212 Romanus
617 3155 766 3222 exsultans,
788 3161 807 3190 “
819 3156 925 3224 Duce,''
948 3155 1045 3229 inquit,
1069 3156 1150 3212 “fra-

217 3235 235 3268 “
246 3245 319 3290 trum
333 3233 465 3290 Manibus
479 3233 562 3288 dedi:
583 3233 694 3289 tertium
708 3251 800 3289 causae
812 3233 876 3288 belli
900 3233 1026 3308 hujusce,
1048 3245 1078 3291 ut
1091 3234 1151 3297 Ro-

218 3314 346 3368 “manus
373 3311 483 3367 Albano
509 3311 642 3384 imperet,¹
661 3311 761 3367 dabo.¹’
803 3309 876 3368 Male
903 3311 1048 3368 sustinenti
1073 3329 1150 3366 arma

204 3417 206 3422 .
220 3389 340 3464 gladium
355 3389 471 3463 superne
483 3388 579 3463 jugulo
593 3387 706 3466 defigit:
728 3389 868 3462 jacentem
882 3390 986 3468 spoliat.
1026 3387 1149 3445 Romani

221 3478 330 3524 orantes
344 3487 377 3524 ac
390 3466 560 3542 gratulantes
574 3467 720 3523 Horatium
734 3467 893 3541 accipiunt;
923 3466 956 3523 eti
969 3467 1071 3540 majore
1085 3483 1150 3522 cum

189 3545 329 3618 40gaudio‚
342 3544 396 3619 quo
421 3563 504 3618 prope
525 3555 628 3601 metum
642 3563 686 3600 res
699 3543 795 3600 fuerat.
836 3547 882 3601 Ad
905 3545 1072 3620 sepulturam
1084 3543 1151 3600 inde

222 3640 333 3685 suorum
346 3626 518 3697 nequaquam
542 3623 653 3695 paribus
677 3623 775 3679 animis
797 3633 958 3689 vertuntu13
988 3620 1087 3695 quippe
1102 3622 1151 3677 im-

222 3699 299 3774 perio
313 3699 388 3757 alteri
402 3700 485 3770 aucti,
501 3700 578 3756 alteri
596 3700 708 3756 ditionis
732 3701 828 3756 alienae
842 3701 916 3756 facti.
957 3699 1091 3772 Sepulcra
1103 3717 1152 3753 ex-

220 3787 305 3845 stant,
319 3796 373 3861 quo
385 3779 509 3912 quisque3
519 3778 581 3835 loco
594 3775 715 3834 cecidit:
743 3779 799 3836 duo
811 3779 938 3836 Romana
950 3793 1007 3832 uno
1019 3775 1081 3833 loco
1093 3793 1154 3850 pro-
