2638 4206
497 363 598 414 LIBER
607 359 643 412 V.
675 376 732 414 car.
744 373 827 416 rtnvrr.
1097 351 1156 426 lssi'

220 498 307 582 Vejos
325 505 487 563 contendit:
520 505 650 578 missique
679 506 800 564 Ardeam
827 498 976 581 legati'ad
996 505 1156 579 Camillum,

221 584 308 659 Vejos
322 603 384 641 eum
399 585 572 658 perduxere:
603 603 652 640 seu
668 585 753 659 (quod
767 585 855 659 magis
875 585 989 640 credere
1003 583 1079 654 libet,
1100 600 1157 642 non

221 663 300 738 prius
320 661 474 737 profectum
495 663 530 718 ab
550 662 655 728 Ardea,
683 662 765 736 quiam
786 662 921 736 comperit
940 663 1030 738 legem
1051 662 1157 730 latam3

221 740 294 815 qudd
308 759 362 798 nec
376 741 482 816 injussu
496 741 588 815 populi
609 741 708 797 mutari
727 740 830 796 finibus
842 751 943 816 posset,
956 759 1019 810 nec,
1033 739 1087 796 nisi
1100 739 1159 796 dic·

200 828 290 876 stator
313 819 415 885 dictus,
436 819 559 893 auspicia
580 819 607 875 in
629 817 753 876 exercitu
774 819 889 898 habere)
913 818 958 876 lex
978 818 1086 876 curiata
1099 817 1160 874 'lata

221 907 270 969 est,
286 898 458 972 dictatorque
471 898 572 954 absens
585 898 686 954 dictus.

259 1053 383 1112 XLVII.
415 1054 491 1112 Dum
505 1053 565 1112 haec
585 1054 664 1130 Vejis
685 1054 847 1129 agebantur,
867 1055 977 1113 interim
992 1069 1041 1112 arx
1060 1053 1160 1112 Romae

221 1132 443 1208 Capitoliumque
458 1134 486 1190 in
500 1135 607 1210 ingenti
624 1133 751 1208 periculo
775 1133 844 1190 fuit:
875 1153 994 1210 namque
1008 1132 1091 1206 Galli,
1111 1151 1161 1190 seu

136 1257 139 1263 ,
221 1211 337 1286 vestigio
350 1223 445 1270 notato
457 1214 588 1284 humano,
602 1213 658 1286 quai
673 1211 788 1270 nuntius
801 1231 817 1268 a
830 1213 909 1288 Vejis
926 1222 1098 1288 pervenerat,
1112 1225 1162 1267 seu

190 1290 274 1344 rosut
294 1301 390 1363 sponte
417 1290 608 1347 animadverso
634 1292 669 1347 ad
696 1291 853 1347 Carmentis
877 1307 1003 1348 saxorum
1025 1291 1163 1346 adscensu

223 1385 310 1441 aequo,
332 1378 414 1424 nocte
437 1368 577 1434 sublustri,
598 1387 683 1442 quum
703 1367 791 1443 primd
812 1369 956 1436 inermem,
977 1369 1024 1444 qui
1044 1377 1163 1424 tentaret
1188 1431 1191 1440 ,

222 1445 305 1516 viam,
320 1445 524 1521 praemisissent,
539 1447 681 1503 tradentes
695 1447 760 1504 inde
774 1465 859 1514 arma,
874 1447 921 1504 ubi
942 1448 1008 1522 quid
1022 1446 1109 1520 iniqui
1122 1463 1164 1500 es-

222 1534 276 1589 set,
289 1524 387 1580 alterni
402 1524 495 1594 innisi,
516 1525 747 1600 sublevantesque
768 1525 887 1581 invicem
908 1537 936 1582 et
955 1526 1095 1582 trahentes
1117 1522 1163 1580 alii

222 1600 300 1668 aliua,
315 1613 395 1676 prout
408 1603 557 1676 postularet
571 1603 667 1672 locus;
694 1607 772 1661 tanto
784 1603 893 1660 silentio
907 1604 935 1660 in
950 1620 1087 1661 summum
1100 1619 1164 1657 eva·

191 1695 214 1734 15
223 1681 292 1751 sere,
305 1690 337 1736 ut
350 1697 405 1737 non
420 1681 550 1737 custodes
564 1681 650 1738 soldnr
673 1682 809 1752 fallerent,
830 1683 878 1738 sed
892 1701 928 1738 ne
942 1701 1027 1739 canes
1041 1680 1162 1755 quidem,

222 1758 371 1816 sollicitum
386 1759 487 1815 animal
502 1760 536 1814 ad
551 1770 701 1818 nocturnos
718 1760 856 1834 strepitus,
871 1761 1032 1817 excitarent.
1074 1762 1165 1815 Anse-

222 1853 343 1893 resnou
364 1835 496 1904 fefellere,
510 1838 618 1911 quibus,
639 1839 726 1896 sacris
750 1837 877 1909 lunoni„
890 1839 918 1895 in
940 1837 1049 1896 summa
1072 1835 1165 1910 inopia

224 1915 281 1970 cibi
295 1926 387 1971 tamen
402 1916 606 1973 abstinebatur:
636 1937 697 1990 quae
711 1935 756 1974 res
769 1916 849 1974 saluti
865 1917 931 1974 suit:
956 1935 1075 1990 namque
1090 1914 1166 1970 clan-

224 2011 290 2066 gore
303 1993 571 2068 eorumalarumque
589 1995 697 2069 crepitu
720 1994 828 2051 excitus
849 1994 889 2050 M.
904 1994 1038 2064 Manlius,
1059 1993 1105 2068 qui
1119 1992 1166 2048 tri·

191 2085 216 2124 et
225 2071 309 2127 ennio
323 2073 386 2127 unte
401 2071 496 2127 consul
510 2072 606 2142 suerat,
620 2073 661 2129 vir
673 2073 890 2147 belloegregius,
902 2073 984 2129 armis
996 2071 1119 2146 arreptis,
1131 2069 1166 2126 si·

226 2149 282 2205 mul
297 2151 330 2206 ad
346 2168 422 2205 arma
435 2160 550 2206 caeteros
564 2149 651 2223 ciens,
667 2152 757 2207 vadit:
778 2161 815 2216 et,
830 2151 895 2207 dum
910 2151 1003 2207 caeteri
1016 2149 1165 2224 trepidant,

225 2227 345 2300 Gallum,
363 2228 409 2301 qui
427 2227 485 2303 jam
506 2228 534 2284 in
555 2247 663 2285 summo
684 2228 855 2295 constiterat,
870 2230 991 2285 umbone
1013 2229 1098 2284 ictum
1119 2227 1167 2282 de*

224 2307 325 2362 turbat.
366 2306 454 2380 Cujus
468 2325 549 2362 casus
563 2306 681 2380 prolapsi
701 2323 787 2381 quum
801 2307 941 2380 proximos
956 2317 1100 2371 sterneret,
1114 2314 1168 2360 tre-

224 2385 353 2458 pidantes
374 2385 449 2454 alios,
471 2385 608 2458 armisque
629 2385 737 2442 omissis
757 2401 833 2456 saxa,
860 2385 960 2458 quibus
980 2383 1167 2453 adhaerebant,

191 2475 216 2515 aa
227 2464 355 2519 manibus
368 2463 518 2538 amplexos,
533 2463 664 2520 trucidat.
706 2463 823 2536 Jamque
837 2473 865 2518 et
878 2463 923 2520 alii
935 2462 1095 2538 congregati
1106 2459 1168 2517 telis

215 2541 430 2622 ¹missilibusque
444 2542 516 2597 saxis
530 2541 692 2616 proturbare
708 2543 809 2613 hostes,
824 2543 957 2616 ruinalque
971 2553 1029 2598 tota
1042 2539 1169 2616 prolapsa

227 2619 301 2675 acies
315 2621 342 2676 in
357 2639 481 2694 preceps
495 2619 604 2676 deferri.
646 2621 749 2676 Sedato
765 2619 869 2676 deinde
882 2620 1011 2687 tumultu,
1030 2619 1168 2694 reliquum

226 2699 316 2754 noctis
332 2698 480 2773 (qnantum
495 2699 523 2754 in
538 2700 655 2758 turbatis
668 2699 809 2754 mentibus
823 2710 937 2772 poterat,
951 2717 1034 2773 quum
1046 2694 1167 2772 praeteri·

227 2787 286 2831 tum
300 2795 407 2849 quoque
422 2776 575 2850 periculum
597 2777 767 2846 sollicitaret)
790 2777 875 2851 quieti
890 2779 984 2834 datum
998 2787 1048 2832 est.
1088 2773 1167 2830 Luce
1191 2803 1195 2837 ς

195 2853 298 2923 sooria,
322 2854 425 2910 vocatis
452 2853 569 2910 classico
597 2857 631 2912 ad
652 2855 802 2911 concilium
823 2855 957 2911 militibus
977 2855 1011 2909 ad
1032 2853 1167 2916 tribunae,

228 2951 313 3005 quum
327 2941 355 2988 et
367 2930 443 2988 recte
463 2943 491 2988 et
510 2951 653 3006 perperam
668 2933 740 2989 facto
760 2934 878 3007 pretium
893 2932 1055 2998 deberetur;
1087 2929 1170 2984 Man·

227 3009 281 3066 lius
294 3009 410 3085 prinnini
424 3010 460 3066 ob
475 3010 601 3066 virtutem
615 3011 744 3067 laudatus
768 3011 950 3084 donatusque,
963 3029 1019 3066 non
1034 3009 1069 3065 ab
1082 3005 1169 3065 tribu·

228 3089 272 3146 nis
286 3087 371 3145 soldrn
387 3088 515 3160 militnm,
530 3091 578 3145 sed
594 3089 824 3146 consensuetiam
841 3087 971 3144 militari:
992 3088 1038 3144 cui
1049 3083 1169 3144 universi

228 3167 344 3224 selibras
358 3167 438 3224 larris
450 3177 477 3222 et
497 3169 649 3240 quartarios
663 3167 720 3222 vini
742 3168 776 3222 ad
798 3167 872 3223 redes
891 3165 961 3242 ejus,
984 3185 1045 3242 que
1061 3166 1090 3222 in
1104 3181 1169 3221 arce

196 3257 316 3314 merant,
331 3245 509 3302 contulerunt
521 3264 528 3312 ;
541 3243 608 3302 ‘rem
622 3246 700 3302 dictu
714 3263 836 3319 parvam,
847 3243 976 3300 caetenim
991 3245 1084 3320 inopia
1097 3243 1170 3300 fece·

229 3334 271 3380 rat
284 3343 345 3380 eam
360 3335 553 3398 argumentum
568 3324 668 3398 ingens
687 3323 818 3388 caritatis,
832 3343 927 3397 quum,
941 3342 969 3380 se
983 3323 1097 3398 quisque
1112 3319 1170 3376 vic·

230 3415 259 3458 tu
280 3421 331 3459 suo
351 3401 490 3467 fraudans,
505 3403 661 3459 detractum
675 3401 782 3476 corpori
803 3413 884 3476 atque
898 3402 992 3459 usibus
1005 3397 1170 3458 necessariis

231 3479 266 3535 ad
291 3481 424 3536 honorem
445 3479 528 3536 unius
548 3481 598 3538 viri
619 3479 767 3537 conferret,
808 3479 885 3536 Tum
908 3480 1005 3558 vigiles
1024 3477 1085 3552 ejus
1104 3475 1169 3545 loci,

231 3555 287 3630 qud
299 3558 433 3615 fefellerat
446 3557 621 3616 adscendens
641 3558 736 3625 hostis,
759 3557 853 3615 citati:
886 3570 913 3616 ot
926 3576 1010 3634 quum
1030 3556 1059 3612 in
1072 3573 1170 3613 omnes

198 3643 308 3692 tumore
322 3635 433 3692 militari
447 3656 477 3692 se
499 3637 756 3694 animadversurum
769 3635 810 3698 Q·
827 3637 967 3713 Sulpicius
980 3633 1108 3692 tribunus
1120 3633 1171 3691 mi·

208 3747 212 3753 ,
231 3713 311 3772 litum
325 3715 547 3788 pronuntiassem
568 3716 762 3773 consentiente
774 3717 894 3774 clamore
908 3715 1026 3774 militum
1040 3713 1069 3770 in
1083 3730 1171 3769 unum

230 3791 344 3870 vigilem
353 3793 561 3868 conjicientium
576 3795 697 3870 culpam,
708 3795 867 3862 deterritus,
878 3815 895 3852 a
906 3791 1013 3851 caetcris
1021 3790 1171 3850 abstinuit:
