2622 4194
563 342 664 402 trualt
681 341 700 400 Ῑ.
719 357 780 402 tue.
793 363 853 399 xrrr.
1027 413 1030 422 α
1137 349 1173 408 15

236 509 303 558 tres
313 497 520 563 decucurrerat,
533 505 562 554 et
573 495 677 552 effusos
689 503 785 569 egerat
797 493 951 563 Romanos,
964 497 1021 548 toto
1037 497 1172 563 quantum

237 577 295 636 saro
306 576 424 650 spatium
438 585 498 632 est:
518 592 573 632 nec
585 572 682 648 procul
693 574 751 647 jam
764 591 782 628 a
794 571 872 646 portia
885 568 984 626 Palatii
997 578 1064 638 erat,
1075 565 1172 626 clami·

236 661 306 726 tans,
335 653 493 710 “Vicimus
514 651 634 724 perfidos
653 649 784 724 hospites,
809 649 934 706 imbelles
957 647 1058 704 hostes.
1105 643 1172 703 Jam
1264 711 1269 721 ἱ

236 742 254 768 ‘⁶
264 733 365 801 sciunt,
387 729 471 805 longit
495 729 570 786 aliud
592 748 653 785 esse
673 727 794 802 virgines
817 746 923 802 rapere,
949 723 1024 782 aliud
1045 741 1171 799 pugnare

213 813 252 865 a“
262 827 328 866 curn
341 809 435 866 viris.''
476 807 510 864 In
533 826 608 878 eum,
623 808 683 862 haec
696 806 870 880 gloriantem,
883 823 949 862 cum
962 803 1044 878 globo
1058 801 1170 860 ferocis·
1213 803 1216 810 '

232 887 365 944 simorum
381 881 669 962 juvenum'ltornulas
691 885 824 958 impetum
839 884 912 942 facit.
953 883 998 940 Ex
1017 899 1088 954 equo
1111 894 1171 938 tum

232 963 302 1022 forte
325 965 432 1022 Mettus
453 964 612 1039 pugnabat:
632 960 665 1018 ed
685 962 750 1036 pelli
771 962 880 1019 facilius
900 961 967 1018 fuit:
987 959 1098 1034 pulsum
1112 959 1171 1018 Ro-

231 1043 307 1100 mani
330 1056 546 1117 persequuntur:
570 1055 598 1098 et
618 1040 672 1096 alia
695 1041 825 1098 Romana
848 1039 931 1110 acies,
955 1037 1073 1096 audacid
1096 1037 1170 1112 regis

231 1137 362 1186 accensa,
376 1121 468 1177 fundit
481 1120 608 1176 Sabinos.
650 1118 756 1176 Mettus
768 1119 798 1175 in
818 1118 947 1194 paludem
969 1135 1040 1188 sese,
1054 1117 1170 1190 strepitu

200 1211 224 1250 ro
233 1199 406 1271 sequentinm
418 1199 573 1273 trepidante
586 1216 667 1270 equo,
680 1196 820 1271 conjecit:
841 1197 1049 1268 adverteretque
1070 1213 1105 1250 ea
1125 1213 1169 1252 res

233 1276 316 1332 etiam
330 1277 448 1332 Sabinos
470 1276 539 1332 tanti
562 1273 686 1349 periculo
698 1275 762 1344 viri..
797 1275 835 1332 Et
848 1275 893 1330 ille
907 1269 1029 1348 quidem,
1043 1291 1170 1330 annuen-

232 1353 306 1410 tibus
319 1373 352 1410 ac
364 1354 527 1410 vocantibus
540 1351 706 1424 suiqsavore
719 1353 868 1410 multorum
882 1352 976 1410 addito
990 1352 1093 1418 animo,
1107 1370 1169 1408 era-

230 1431 281 1488 dit.
322 1432 444 1489 Romani
458 1431 609 1504 Sabinique
622 1430 651 1486 in
664 1431 758 1488 mcdid
768 1431 893 1488 convalle
905 1431 1022 1488 duorum
1031 1429 1169 1486 montium

230 1509 421 1586 redintegrant
433 1509 579 1585 proeliurn:
599 1509 648 1566 sed
661 1528 706 1566 res
719 1509 851 1566 Romana
862 1520 923 1567 erat
936 1509 1070 1584 superior.

198 1680 221 1724 15
267 1661 353 1724 XIII.
374 1667 450 1726 Turn
465 1667 577 1726 Sabinae
590 1666 730 1739 mulieres,
744 1686 861 1742 quarum
882 1686 917 1724 ex
937 1666 1039 1742 injuria
1063 1666 1167 1725 bellum

227 1754 317 1802 ortum
330 1757 398 1818 erat,
411 1747 536 1804 crinibus
548 1746 636 1822 passis
656 1746 798 1820 scissdque
819 1756 903 1818 veste,
918 1746 991 1804 ricto
1013 1745 1095 1802 malis
1107 1763 1167 1804 mu·
1195 1744 1198 1750 '

218 1823 306 1880 liebri
319 1843 430 1898 pavore,
445 1843 519 1882 ansae
531 1843 562 1882 se
579 1825 651 1882 inter
671 1824 727 1880 tela
747 1825 868 1882 volantia
888 1823 999 1894 inserte,
1021 1843 1056 1880 ex
1077 1835 1167 1884 trans·

227 1917 305 1958 verso
318 1902 422 1976 impetu
441 1903 525 1968 sacto,
545 1903 675 1960 dirimere
698 1902 813 1959 infestas
835 1903 919 1972 ecies,
941 1903 1071 1960 dirimere
1095 1904 1164 1972 iras;

166 1987 167 1990 ’
226 1977 293 2036 hinc
306 1990 406 2053 patres,
420 1980 487 2038 hinc
509 1980 581 2038 viros
602 1990 723 2052 orantes,
745 1980 821 2037 “Ne
842 1999 872 2037 se
893 1981 1030 2055 sanguine
1043 1981 1166 2040 nefando

165 2057 344 2156 ²effectori
362 2060 512 2139 generique
534 2069 743 2137 respergerent:
765 2077 801 2116 ne
821 2059 971 2134 parricidio
991 2060 1166 2118 macularent

169 2169 172 2175 r
225 2147 246 2174 “
255 2151 350 2216 partus
363 2159 436 2210 suos,
450 2152 581 2214 nepotum
595 2139 643 2204 illi,
657 2138 774 2196 liberum
787 2138 816 2214 bi
829 2138 999 2213 progeniem.
1034 2138 1065 2196 Si
1076 2139 1165 2197 affini·

228 2225 245 2251 ‘⁶
257 2219 321 2276 tatis
333 2219 405 2274 inter
419 2235 474 2288 vos,
488 2218 512 2273 si
534 2217 667 2273 connubii
689 2217 774 2292 piget,
787 2217 817 2275 iu
839 2232 890 2276 nos
910 2219 1007 2275 vertite
1021 2218 1092 2276 iras:
1112 2239 1164 2276 uos

164 2327 173 2362 a
227 2305 342 2354 “bausa
362 2295 436 2367 belli,
449 2313 502 2352 nos
514 2294 660 2351 vulnerum
683 2313 717 2350 ac
737 2296 857 2352 caedium
876 2297 942 2352 viris
955 2315 988 2353 ac
1001 2297 1164 2370 parentibus

167 2400 171 2414 a
226 2385 244 2414 “
255 2393 366 2432 sumus:
380 2373 648 2448 melirisperibimus‚
660 2371 743 2447 qudm
757 2373 819 2430 siue
833 2373 926 2430 alteris
939 2375 1059 2430 vestrum
1072 2374 1164 2432 vidue

190 2464 303 2510 want
321 2453 395 2511 orbae
414 2451 567 2508 vivemus.'’
607 2451 703 2508 Movet
724 2469 769 2508 res
789 2463 848 2509 tunt
870 2452 1087 2525 multitudinem,
1103 2464 1163 2511 tum

222 2533 319 2588 duces.
360 2531 509 2588 Silentium
522 2540 550 2586 et
563 2530 709 2604 repentina
721 2529 752 2587 fit
764 2532 861 2605 quies:
882 2530 948 2587 inde
971 2532 1007 2588 ad
1020 2530 1110 2589 fredus
1123 2533 1162 2590 fa·

190 2610 355 2700 {ciendum
369 2610 456 2665 duces
469 2609 621 2682 prodeunt:
641 2626 696 2664 nec
716 2627 814 2682 pacem
833 2607 927 2682 modi),
946 2611 995 2667 sed
1018 2620 1047 2668 et
1066 2611 1161 2669 civita·
1251 2605 1259 2614 “

192 2701 279 2753 ¹{tem
299 2705 384 2744 unam
404 2706 439 2744 err
459 2688 567 2744 duabus
589 2686 712 2742 faciunt:
732 2705 851 2762 regnum
873 2689 1054 2759 consociant3
1074 2691 1161 2766 impe·

187 2757 294 2846 {rium
319 2784 401 2822 omne
426 2765 574 2822 conserunt
599 2765 729 2822 Romam.
782 2767 827 2824 Ita
851 2767 993 2842 geminata
1026 2769 1103 2839 urbe,
1130 2784 1161 2826 nr

203 2898 209 2910 ,
224 2843 336 2899 Sabinis
348 2853 441 2900 tamen
455 2843 558 2918 aliquid
571 2843 692 2910 duretur,
705 2843 834 2904 Quirites
847 2865 865 2902 a
877 2845 1000 2902 Curibus
1020 2847 1159 2920 appellati.

176 2913 209 2997 ζ
225 2919 438 2978 Monumentum
451 2921 511 2996 ejus
524 2939 633 2996 pugne),
647 2921 695 2977 ubi
708 2921 826 2996 primdm
840 2943 876 2981 err
887 2923 1026 2998 profundit
1034 2941 1160 2982 emersus
1227 2947 1230 2954 ’

188 3017 214 3083 Ξ
222 2998 322 3074 palude
335 3017 422 3074 equus
442 2999 570 3056 Curtium
590 2999 619 3056 in
642 2999 713 3056 vado
732 3001 836 3069 statuit,
851 3001 980 3059 Curtium
1000 3001 1094 3061 lacum
1112 3023 1159 3080 ap·

220 3077 366 3152 pellerent.
407 3077 452 3134 Ex
476 3077 547 3134 bello
566 3089 623 3135 tarn
644 3077 715 3135 tristi
735 3078 798 3137 laeta
817 3078 933 3155 repentd
958 3099 1014 3154 pax
1037 3082 1159 3140 cariores

183 3194 185 3205 ·
219 3156 341 3214 Sabinas
353 3157 418 3214 viris
431 3175 463 3214 ac
476 3157 646 3232 parentibus,
655 3167 683 3216 et
696 3167 760 3216 aute
770 3177 868 3217 omnes
878 3158 1001 3217 Romulo
1011 3159 1072 3236 ipsi,
1081 3160 1157 3220 lecit.

186 3233 326 3310 ultaque,
340 3253 423 3310 quum
437 3235 569 3311 populum
589 3236 618 3293 in
636 3236 729 3293 curias
748 3237 862 3312 triginta
884 3235 1029 3305 divideret,
1043 3240 1159 3298 uomina

218 3330 314 3370 earum
327 3313 413 3370 curiis
426 3313 564 3389 imposuit.
605 3315 639 3370 Id
652 3333 709 3373 non
721 3317 848 3380 traditur,
864 3313 962 3389 (quum
978 3318 1052 3374 haud
1070 3316 1157 3375 dubie

217 3391 359 3466 eliquanto
383 3409 516 3448 numeros
540 3392 627 3469 major
645 3393 701 3450 lroo
720 3394 868 3450 mulierum
888 3395 984 3474 luerit)
1006 3405 1096 3461 aetate,
1118 3413 1155 3452 an

218 3467 400 3542 dignitatibus
413 3469 471 3526 suis
483 3470 647 3540 virorumve,
660 3489 696 3528 an
710 3483 783 3529 sorte
795 3472 876 3528 lecte
887 3473 953 3542 sint,
967 3491 1029 3548 que
1042 3473 1157 3532 uomina

218 3545 303 3602 curiis
321 3549 428 3605 darent.
478 3546 585 3608 Eodem
607 3559 730 3624 tempore
749 3561 779 3607 et
800 3551 934 3609 centuriae
952 3561 1009 3608 tres
1031 3551 1156 3626 equitum

184 3624 380 3699 uconscriptre
405 3636 487 3684 sunt:
517 3625 695 3684 Ramnenses
715 3627 750 3684 ab
770 3628 901 3700 Romulo,
922 3629 957 3686 ab
982 3627 1050 3686 Tito
1069 3629 1156 3689 Tatio

213 3699 360 3758 musaea
371 3703 521 3778 appellatis
536 3701 682 3762 Lucerum
695 3706 818 3763 nominis
828 3720 858 3766 et
872 3705 991 3784 originis
1009 3723 1095 3765 ceusu
1113 3709 1156 3764 in·

212 3789 355 3836 maren
394 3781 467 3839 lade
486 3799 542 3842 nou
563 3781 646 3848 nrodb
666 3799 826 3854 commum,
844 3786 899 3843 sed
920 3785 1153 3850 contumetiam,

214 3873 332 3933 regnum
345 3857 453 3918 duobus
465 3861 578 3938 regibus
590 3860 652 3918 suit.
