2620 4200
181 385 241 444 mo
380 379 447 431 '1'11'1
462 379 545 429 uvir
560 376 660 429 Ltnnn
675 379 757 429 XXII·
780 389 903 430 obn-ur.

183 540 286 599 sasque
294 539 380 598 saper
392 531 512 579 veterem
524 521 615 578 luctus
627 531 667 581 tot
676 520 786 596 jacturi
805 519 908 578 ¹cirimn
925 519 1051 595 adjectas
1063 536 1106 576 as·

182 611 233 674 sot,
256 619 321 657 curn
343 599 452 674 magnis
472 598 580 658 fletibus
600 597 795 672 questibusque
814 595 919 676 legatos
945 595 980 653 sd
998 607 1107 672 portam

181 677 319 755 prosecuti
332 687 404 733 sunt.
444 673 524 734 Unus
536 695 571 736 ex
584 675 618 732 iis
631 677 741 734 domurn
756 675 832 745 abiit,
845 675 918 749 quiid
931 673 1022 730 fallaci
1035 673 1107 730 redi·

182 767 212 814 tu
225 754 253 810 in
267 765 358 829 cestra
367 752 544 834 jurejurando
556 772 586 812 se
598 753 764 810 exsolvisset.
801 751 888 820 Quod
912 752 959 808 ubi
976 752 1106 818 innotuit·

182 831 352 906 relatumque
365 831 400 890 ed
413 844 538 888 senatum
550 840 603 902 est,
615 849 712 888 omnes
731 839 908 896 censuerunt,
926 830 1130 904 comprobent-a

182 909 305 966 dendurn
314 919 345 966 et
357 909 516 965 custodibus
528 908 640 983 publice
654 907 725 964 datis
736 907 930 964 deducendum
949 907 984 962 ad
998 904 1107 964 Hami-

181 987 272 1044 balem
295 1005 364 1044 esse.
404 986 454 1042 Est
473 995 507 1052 ¹,et
526 986 634 1042 eliade
654 985 768 1060 captivis
791 985 872 1051 sama,
894 985 991 1041 decem
1005 984 1107 1058 primos

182 1065 306 1121 venisse:
326 1065 361 1120 de
373 1063 415 1122 eia
426 1081 509 1137 quum
523 1063 676 1120 dubitatum
689 1063 719 1119 in
730 1073 825 1119 senatu
836 1071 918 1134 esset,
929 1062 1107 1121 admitteren-

182 1151 226 1199 tur
239 1141 268 1198 in
282 1141 387 1208 urbem,
401 1159 506 1208 necne;
528 1141 567 1196 ita
578 1140 710 1197 admissos
723 1159 793 1206 esse,
814 1157 850 1195 ue
871 1149 964 1196 tamen
978 1139 1012 1196 iis
1027 1158 1107 1203 sena·

116 1251 128 1260 -
182 1230 228 1276 tus
241 1219 358 1278 daretur.
399 1217 574 1281 Morautibns
587 1217 688 1274 deinde
700 1215 807 1292 longiis
827 1216 952 1274 omnium
966 1235 1023 1291 spe,
1038 1217 1106 1276 alios
1118 1229 1141 1270 1⁰

182 1307 239 1353 tres
251 1297 362 1370 insuper
375 1295 479 1369 legatos
492 1296 609 1360 venisse,
624 1295 656 1351 L.
671 1294 857 1365 Scribonium,
871 1305 899 1350 et
912 1295 946 1351 C.
960 1293 1107 1368 Calpurni·

184 1392 242 1440 um,
255 1383 284 1429 et
297 1372 328 1429 L.
343 1372 497 1428 Manlium:
518 1384 576 1429 tum
589 1372 700 1428 demum
714 1373 748 1428 ab
760 1371 886 1446 ‘cognato
909 1371 1046 1430 Scribonii
1059 1373 1107 1430 tri·

182 1451 258 1508 buno
269 1449 357 1525 plebis
370 1450 404 1506 de
417 1449 584 1506 redimendis
596 1451 712 1524 captivis
731 1449 845 1506 relatum
858 1467 927 1519 esse,
941 1467 995 1506 nec
1007 1467 1107 1507 censu·

182 1528 238 1585 isse
250 1527 425 1584 redimendos
438 1537 581 1584 senatum:
614 1538 642 1585 et
659 1546 743 1584 noros
765 1526 869 1602 legatos
880 1538 937 1583 tres
950 1527 984 1583 ad
998 1527 1105 1584 Hanni·

183 1605 275 1662 belem
287 1605 438 1673 revertisse,
453 1605 550 1661 decem
564 1615 668 1662 veteres
681 1605 844 1662 remansisse
855 1624 863 1672 3
883 1603 965 1678 quid,
978 1621 1027 1679 per
1040 1623 1106 1662 cun·
1117 1620 1140 1660 rs

183 1701 243 1740 sam
257 1683 474 1756 recognoscendi
487 1683 601 1740 nomina
622 1682 790 1756 captivorum
810 1681 844 1738 ad
868 1681 1056 1740 Hannibalem
1072 1701 1107 1740 ex

180 1759 283 1816 itiitere
297 1758 422 1832 regressi,
436 1758 568 1832 religione
582 1778 647 1816 sese
655 1758 849 1839 exsolvissent:
876 1760 912 1815 de
925 1759 959 1815 iis
972 1760 1106 1818 dedendis

181 1835 286 1909 magni
298 1835 475 1892 contentione
489 1845 580 1891 actum
595 1836 623 1892 in
638 1847 734 1898 senatu
748 1855 808 1892 esse
820 1855 828 1904 3
857 1827 997 1911 vidtbaqus
1010 1838 1106 1914 paucis
1149 1903 1152 1910 ,

184 1911 337 1982 sententiis,
348 1912 394 1986 qui
407 1911 549 1968 dedendos
562 1913 737 1970 censuerint:
758 1913 887 1970 creterrim
897 1914 1026 1988 proximis
1042 1933 1107 1974 cen·

184 1990 291 2048 soribus
304 1987 374 2048 med
387 1988 514 2046 omnibus
527 1989 599 2046 notis
612 1989 823 2065 ignominiisque
836 1989 977 2048 confectos
990 2011 1060 2058 esse,
1075 2002 1105 2049 ut
1115 2011 1139 2050 no

183 2068 397 2142 quidameornm
406 2075 519 2122 mortem
528 2066 639 2140 sibiipsi
649 2069 786 2142 extemplo
796 2069 998 2136 consciverint3
1012 2069 1105 2128 caeteri

183 2163 239 2201 non
253 2144 310 2200 ioro
320 2144 411 2200 schim
422 2143 499 2200 omni
512 2143 613 2200 deinde
626 2144 687 2214 viti,
702 2145 750 2200 sed
763 2145 844 2220 prope
863 2146 925 2202 luce
939 2163 972 2202 ac
985 2146 1105 2220 publico,

183 2221 331 2280 caruerint.
347 2221 440 2278 Mirari
450 2221 546 2296 magis,
556 2218 624 2278 arleti
633 2220 787 2296 discrepare
795 2223 865 2280 inter
871 2234 1005 2292 auctores,
1015 2223 1106 2298 quim,

182 2299 250 2374 qnid
261 2299 316 2356 veri
325 2299 368 2365 sit,
378 2296 633 2374 discernereqneasss
654 2298 867 2360 numerantem
878 2299 963 2375 major
973 2301 1107 2358 secludes

182 2377 369 2452 superioribus
387 2376 512 2433 cladibus
519 2376 613 2444 fuerit,
626 2377 669 2432 vel
680 2395 716 2434 ea
727 2395 771 2432 res
783 2377 887 2434 indicio
900 2388 950 2444 est,
964 2375 1046 2452 quaid,
1059 2378 1107 2452 qui
1115 2395 1140 2436 ns

182 2455 319 2512 sociorum
333 2454 367 2509 ad
380 2451 441 2512 eam
455 2454 528 2510 diem
541 2455 612 2512 firmi
625 2463 764 2526 steterant,
777 2464 835 2510 tum
848 2454 940 2510 labare
954 2465 1105 2529 coepernnt,

183 2530 388 2604 nulliproiectb
396 2532 450 2588 aliti
458 2532 493 2587 de
502 2551 542 2603 re,
548 2530 711 2605 quirnqubd
722 2531 973 2605 desperaverantde
983 2533 1106 2606 imperio.

184 2606 322 2664 Deseoae
345 2617 436 2664 autem
460 2609 494 2664 ad
512 2608 611 2666 Poenos
634 2609 661 2667 hi
682 2609 793 2682 populi:
832 2609 964 2676 Atellani,
979 2609 1105 2675 Calatini,

184 2683 305 2759 Hirpini,
320 2683 473 2757 Apulorum
491 2703 562 2759 pars,
586 2685 725 2742 Samnites
745 2695 841 2760 preter
863 2686 985 2756 Pentros,
1007 2685 1106 2742 Bruttii

183 2780 289 2832 ornnes,
303 2761 429 2818 Lucani:
449 2772 547 2836 preter
560 2763 609 2820 hos
624 2762 788 2828 Surrentini,
806 2774 835 2820 et
846 2761 1005 2820 Grecorum
1018 2764 1140 2835 omnisne

184 2841 341 2906 fermenta,
356 2837 512 2906 Tarentini,
526 2840 719 2915 Metapontini,
742 2840 947 2908 Crotonienses,
961 2841 1106 2915 Locrique,

184 2927 214 2976 et
225 2917 359 2992 Cisalpini
371 2935 466 2976 munes
479 2918 560 2976 Galli.
600 2919 663 2976 Nec
685 2929 777 2978 tamen
799 2919 842 2974 he
864 2919 956 2982 clades
975 2917 1107 2974 defectio·

184 3012 288 3068 ncsque
310 2995 446 3054 sociorum
466 3007 617 3068 moverunt,
640 3007 670 3056 ut
683 2996 758 3071 pacis
778 3013 896 3069 unquam
918 2994 1020 3050 mentio
1032 2995 1105 3067 apud

185 3069 327 3128 Romanos
348 3072 439 3140 fieret3
470 3090 558 3146 neque
580 3083 643 3130 ante
663 3073 783 3130 consulis
803 3073 921 3131 Romam
947 3070 1103 3137 adrentum,

185 3165 239 3204 nec
252 3159 392 3222 postquam
406 3150 430 3205 is
442 3149 531 3217 rediit,
546 3150 736 3223 renovavitque
750 3150 906 3206 memoriam
920 3147 1138 3221 ncceptaecla-as

184 3224 247 3282 dis:
304 3245 321 3286 o
334 3226 362 3286 in
375 3237 497 3299 ternpore
510 3227 569 3301 ipro
582 3225 652 3286 adeb
674 3237 774 3302 magno
786 3227 877 3286 animo
890 3224 986 3283 civitas
999 3224 1061 3298 fnit,
1074 3235 1105 3282 ut

184 3319 254 3360 cons
284 3301 300 3370 i,
313 3319 349 3358 err
362 3303 437 3364 tanti
449 3303 538 3376 clade,
552 3305 631 3379 cujus
643 3305 701 3379 ipse
715 3323 798 3364 eausa
815 3301 935 3362 murima
947 3301 1049 3372 suisset,
1063 3321 1105 3360 re-

186 3378 292 3450 deunti,
305 3387 333 3434 et
344 3378 451 3440 obviirn
465 3379 532 3437 itum
547 3381 700 3456 frequenter
713 3382 749 3440 ab
765 3381 891 3441 omuibus
903 3379 1046 3439 ordinibus
1054 3379 1104 3450 sit,

185 3467 215 3514 et
226 3456 320 3532 gretie
330 3466 413 3528 ,actm
425 3454 499 3530 qubd
512 3458 547 3516 de
560 3458 702 3532 republica
723 3477 779 3520 non
792 3458 979 3533 desperdsset:
1010 3457 1068 3525 cui,
1081 3457 1105 3514 ri

186 3532 456 3672 Carthaginiensium
470 3534 567 3600 ductor
580 3535 684 3610 suisset,
702 3535 770 3594 nihil
783 3535 965 3598 recusandum
978 3533 1104 3612 supplicii
1113 3553 1137 3594 n

197 3627 214 3666 0
257 3652 263 3673 t
