2620 4200
164 365 222 424 256
548 362 615 412 arm
631 361 713 412 mvn
770 345 773 352 ’

166 505 255 562 “usui
269 514 341 562 sunt.
381 503 454 560 Haec
466 523 549 578 quum
574 505 611 560 ita
634 503 733 560 natura
752 501 883 558 distincta
906 500 970 568 sint,
985 521 1018 558 ex
1033 513 1095 559 utro

166 583 305 640 “tandem
331 601 432 657 genere
452 601 486 638 ea
505 583 549 638 lex
569 601 630 638 esse
650 582 766 650 videtur,
794 597 876 652 quarn
904 580 1094 654 abrogamus?

125 692 128 702 ι
165 661 238 715 “An
254 671 330 715 vetus
343 660 418 734 regia
432 659 485 731 lex,
499 659 579 716 simul
593 657 656 714 dum
672 659 728 731 ipsi
744 658 810 712 urbe
825 659 911 712 natal
945 659 991 713 Aa
1008 657 1093 731 (quod

164 737 345 792 “secundum
356 738 413 813 est)
428 738 462 792 ab
476 737 639 794 decemviris
652 737 686 790 ad
710 735 857 790 condenda
874 735 935 808 jura
951 737 1050 792 creatis
1063 737 1092 792 in

163 814 337 872 “duodecim
351 815 450 870 tabulis
470 816 593 888 scriptal
627 814 687 869 sine
700 815 754 885 quit
767 831 850 884 quum
870 813 987 885 majores
1007 815 1091 870 nostri
1113 827 1128 864 5

163 902 246 958 “non
275 891 457 948 existimdrint
477 893 563 948 decus
591 891 741 947 matronale
768 890 868 944 serrari
897 908 984 963 posse,
1013 893 1091 948 nobis

162 978 181 1005 “
190 987 298 1042 quoque
311 970 461 1024 verendum
475 971 518 1036 sit,
533 989 568 1025 ne
582 987 646 1024 cum
664 968 699 1022 eal
719 967 850 1040 pudorem
865 968 1090 1043 sanctitatemque

163 1045 363 1102 “imminarum
378 1047 549 1120 abrogemus.
588 1046 664 1105 Quis
678 1045 759 1118 igitur
782 1045 880 1109 nescit,
900 1063 996 1101 novam
1012 1047 1090 1102 istam

162 1133 180 1160 ‘⁴
189 1122 279 1198 legem
293 1143 363 1188 esse,
377 1124 421 1183 Q:
431 1124 519 1180 Fabio
532 1136 560 1180 et
573 1123 619 1179 Ti.
636 1123 799 1195 Sempronio
812 1122 980 1194 consulibus,
995 1124 1090 1197 viginti

161 1207 179 1238 ‘⁶
188 1201 269 1256 annis
283 1200 347 1256 antd
361 1201 443 1257 latam
457 1204 467 1255 l
499 1202 558 1258 sine
571 1202 626 1274 qud
639 1218 723 1272 quum
736 1218 784 1272 per
805 1209 844 1254 tot
857 1217 945 1255 annos
961 1213 1091 1257 matronae
1102 1218 1126 1256 ru

161 1279 300 1352 “optimis
326 1279 447 1334 moribus
471 1279 596 1347 vixerint,
615 1278 688 1350 quod
709 1277 831 1347 tandem,
852 1295 887 1332 ne
908 1278 1037 1351 abrogati
1058 1283 1091 1335 ed

160 1356 363 1412 “effundantur
376 1357 411 1412 ad
425 1357 571 1426 luxuriam,
587 1354 739 1428 perieulum
754 1355 817 1410 estl
856 1354 931 1410 Nam
945 1356 968 1412 si
983 1356 1034 1412 ista
1047 1357 1092 1414 lex

161 1432 250 1489 “ideo
263 1433 318 1490 lata
331 1445 411 1503 esset,
427 1445 457 1490 ut
470 1434 561 1490 finiret
583 1432 727 1488 libidinem
747 1432 918 1502 muliebrem,
941 1435 1091 1490 verendum

160 1510 266 1576 “lorea
287 1531 323 1566 no
344 1511 473 1586 abrogata
494 1512 630 1568 incitaret.
671 1510 729 1565 Cur
750 1510 896 1566 silentem
917 1511 980 1577 lata,
1002 1512 1089 1585 ipsum

159 1588 349 1722 “gudicarit]
377 1589 494 1662 tempus.
548 1587 690 1644 Hannibal
711 1589 739 1643 in
761 1588 841 1644 Italid
862 1601 930 1660 erat,
951 1590 1036 1646 victor
1055 1591 1123 1646 adra

158 1675 177 1704 ‘⁴
213 1685 300 1723 annas
315 1686 321 1719 :
339 1667 396 1741 jam
411 1667 576 1731 'Parentum
595 1666 651 1740 jam
667 1666 765 1739 Arpos,
784 1666 840 1739 jam
863 1667 987 1740 Capuam
1010 1668 1091 1724 lrabe-

158 1743 250 1798 “bet:
277 1745 311 1800 ad
333 1745 429 1800 urbem
449 1745 571 1800 Romam
592 1743 750 1798 admoturus
763 1744 914 1798 exercitum
930 1745 1090 1801 videbatur:

157 1829 176 1858 “
186 1819 345 1876 defecerant
355 1821 444 1876 socii:
475 1839 530 1876 non
546 1820 645 1874 milites
659 1819 687 1874 in
702 1819 932 1892 supplementum,
951 1842 1006 1878 non
1021 1823 1092 1880 soci·

157 1907 215 1952 “os
229 1897 340 1954 navales
354 1897 387 1952 ad
402 1897 519 1954 classem
543 1897 685 1962 tuendam,
707 1915 762 1954 non
784 1899 932 1970 pecuniam
954 1901 981 1955 in
996 1902 1091 1958 aerario

157 1975 372 2032 “habebamus:
406 1975 485 2044 servi,
499 1974 598 2048 quibus
619 1993 699 2048 arma¹
717 1975 857 2047 darentur,
878 1977 916 2032 ita
930 1992 960 2034 ut
972 1979 1126 2050 pretiumsu

156 2063 232 2126 “pro
245 2053 279 2109 iis
293 2054 364 2109 bello
378 2053 500 2126 perlecto
523 2051 643 2108 dominis
666 2051 825 2118 solveretur,
849 2055 1027 2111 emebantur:
1061 2056 1090 2112 in

156 2131 310 2188 “eamdem
325 2130 397 2186 diem
413 2130 548 2204 pecuniae,
570 2130 748 2194 frumentum,
769 2140 797 2186 et
817 2142 926 2198 cetera,
947 2152 1007 2205 quae
1026 2133 1090 2189 belli

156 2218 249 2264 “usus
262 2208 444 2282 postulabant,
458 2207 606 2282 praebenda
619 2207 761 2280 publicani
782 2226 811 2263 se
832 2210 1017 2266 conducturos
1031 2230 1091 2284 pro·

156 2296 173 2323 “
183 2284 248 2342 sessi
262 2297 341 2342 erant
352 2305 359 2342 z
380 2293 472 2342 servos
486 2286 520 2340 ad
534 2303 651 2350 remum,
663 2301 778 2341 numero
788 2304 823 2342 ex
834 2305 920 2342 censu
931 2288 1088 2354 constituto,

155 2374 247 2420 “cum
262 2363 398 2438 stipendio
412 2374 503 2420 nostro
517 2363 668 2418 dabamus:
689 2381 785 2418 aarum
800 2374 828 2419 et
843 2377 985 2438 argentum
997 2379 1123 2437 omne‚25

155 2441 217 2496 “ab
231 2443 403 2498 senatoribus
417 2441 477 2516 ejus
490 2441 529 2496 rei
544 2440 622 2496 initio
635 2451 703 2506 orto,
727 2440 755 2496 iu
774 2441 915 2515 publicum
930 2443 1089 2498 confereba-

155 2529 263 2574 “mus‘t
297 2519 387 2574 viduae
401 2531 428 2575 et
442 2519 537 2592 pupilli
557 2519 691 2592 pecunias
712 2537 775 2574 suas
795 2519 824 2576 in
845 2521 970 2576 aerarium
984 2520 1089 2575 desere·
1136 2561 1153 2587 ,¹

155 2595 265 2651 “bant:
287 2610 398 2652 cautum
413 2597 480 2665 crat,
501 2595 556 2669 qud
577 2613 612 2652 ne
627 2595 687 2668 plus
701 2596 759 2652 atari
774 2607 802 2652 et
818 2599 924 2670 argenti
940 2598 1011 2667 facti,
1032 2595 1086 2669 qud

154 2682 217 2728 “ue
238 2672 300 2746 plus
321 2673 422 2746 signati
443 2673 549 2746 argenti
572 2683 600 2728 et
621 2672 691 2742 aeris,
713 2673 787 2728 domi
809 2674 981 2732 haberemus.
1021 2674 1085 2730 Tali

154 2761 172 2787 “
182 2759 304 2824 tempore
325 2751 353 2806 in
374 2749 483 2805 luxuria
496 2760 523 2805 ot
536 2759 633 2805 ornatu
648 2759 779 2806 matronae
792 2765 936 2826 occupatae
957 2763 1043 2824 erant,
1057 2763 1087 2808 ut
1095 2767 1122 2807 uu

155 2828 216 2884 “ad
230 2847 292 2884 earn
306 2828 487 2884 coercendam
503 2827 546 2882 lex
560 2826 652 2900 Oppia
665 2827 821 2884 desiderata
835 2831 890 2886 sitl
916 2851 1010 2904 quum,
1024 2830 1088 2904 qnia

154 2905 293 2961 “Cereris
316 2904 492 2970 sacrificium,
514 2905 673 2979 lugentibus
696 2906 824 2962 omnibus
845 2909 984 2978 metronia,
1006 2909 1088 2964 inter·

154 2983 296 3038 “missum
311 2993 377 3052 erat,
397 2994 508 3038 senatus
529 2982 601 3038 liniri
624 2982 727 3038 luctum
750 2984 862 3058 triginta
885 2986 982 3040 diebus
996 2985 1084 3058 jussit.

154 3060 237 3116 “Cui
259 3079 314 3115 non
336 3071 456 3134 apparet,
472 3060 591 3133 inopiam
612 3070 640 3114 et
661 3060 798 3116 miseriam
820 3062 944 3130 civitatis,
971 3073 998 3117 ct
1022 3061 1086 3134 quia

154 3137 306 3193 “omnium
321 3139 486 3212 privatorum
501 3137 669 3210 pecuniaria
694 3155 773 3192 usum
791 3140 930 3212 publicum
946 3139 1120 3194 vertendam

154 3224 172 3251 ‘⁴
182 3225 268 3282 erant,
283 3214 363 3270 istam
377 3215 466 3288 legem
482 3214 632 3288 scripsisse,
647 3214 752 3270 tamdiu
766 3235 932 3282 mansuram,
953 3216 1083 3290 quamdiu

154 3302 267 3348 “eausa
289 3292 443 3348 scribendae
463 3292 532 3366 legis
552 3292 723 3347 mansissetl
751 3293 848 3350 ·Nam
875 3293 908 3360 si,
936 3313 997 3368 quae
1017 3303 1085 3350 tuuc

154 3380 172 3407 “
182 3368 312 3443 temporis
325 3370 411 3425 causti
424 3381 471 3425 aut
484 3370 605 3425 decrevit
618 3380 799 3440 senatusaut
816 3371 932 3444 populus
949 3370 1039 3446 jussit,
1055 3371 1084 3426 in

154 3456 344 3521 “perpetuum
359 3447 459 3502 servari
480 3457 595 3520 oportet,
616 3465 667 3506 cur,
684 3449 817 3520 pecunias
836 3449 976 3504 reddimus
996 3448 1085 3522 priva·

155 3525 240 3580 “tisl
274 3543 323 3580 cur
344 3524 455 3598 publica
478 3525 605 3598 praesenti
625 3521 749 3598 pecuuid'
764 3526 907 3582 locamusl
940 3545 990 3581 cur
1003 3525 1119 3590 servito

155 3601 228 3674 “qui
242 3602 369 3667 militent,
394 3621 448 3658 non
471 3603 619 3658 emunturl
650 3621 699 3658 cur
712 3603 809 3676 privati
823 3623 878 3661 non
892 3604 990 3660 damus
1003 3601 1083 3660 remi-

155 3687 173 3714 “
181 3696 240 3752 ges,
254 3679 326 3736 sicut
338 3690 406 3736 tunc
419 3679 546 3736 dedimus
558 3680 569 3732 l
