2620 4200
183 351 243 416 nse
565 351 729 410 ιιιιιιιιι

187 493 206 531 “
216 491 309 553 Valde
321 491 374 550 boc
387 499 527 550 certamen
541 491 673 550 uxoribus
684 491 783 550 vestm
795 489 918 566 injicere,
934 491 1072 564 Quirites,
1085 501 1118 552 ut

188 573 207 608 “
218 570 315 630 divitas
328 568 356 626 id
369 568 470 626 babere
484 569 576 638 velint,
595 569 668 642 quod
689 568 765 628 nulla
784 567 839 626 ulia
849 569 952 644 posslt;
972 587 1116 644 pauperes,

188 650 254 705 “ue
273 646 309 704 ob
329 645 409 703 boc
403 664 491 719 iprum
520 656 740 716 contemnantur,
769 663 852 720 supra
877 645 947 704 vires
974 665 1004 702 aa
1024 658 1119 704 exter»

188 725 307 781 “dautl
359 722 423 792 Nae,
453 722 534 780 simul
561 723 675 797 pudere,
702 723 775 796 quod
802 742 860 780 uon
885 732 999 797 oportet,
1027 741 1119 812 coepev

188 801 263 873 “rit,
291 801 363 874 quod
391 810 506 874 oportet,
534 819 589 858 non
618 800 739 888 pudebit.
790 799 864 860 Qua
884 799 919 856 de
938 819 988 860 suo
1009 801 1153 874 poterim

189 879 345 954 “parabit:
377 895 438 951 qua
470 895 526 934 nou
551 877 659 965 poterit,
691 877 778 936 virum
810 877 924 965 rogabit.
979 877 1119 942 Miserum

189 956 298 1014 “illurn
330 955 427 1024 virum,
459 964 487 1015 et
517 955 564 1027 qui
596 966 732 1025 exoratus,
765 965 794 1012 et
825 953 871 1028 qni
904 973 959 1012 nou
991 965 1119 1012 exoratus

189 1039 209 1072 “
220 1033 287 1090 eritl
306 1051 401 1106 quum,
414 1031 513 1104 quod
507 1049 565 1119 ipse
578 1050 635 1088 uon
648 999 763 1102 dederit,
786 1032 880 1088 datum
894 1031 929 1088 ab
942 1029 995 1119 alio
1007 1031 1119 1088 videbit.

190 1109 307 1168 “Nunc
320 1107 402 1183 vulgo
415 1109 518 1165 alienos
540 1109 611 1166 viros
630 1118 736 1182 rogent,
760 1119 798 1174 et,
818 1109 891 1196 quod
910 1108 1060 1183 mejusest,
1080 1109 1120 1165 ler

190 1194 210 1230 ‘·
201 1205 285 1264 ·gem
298 1197 326 1244 et
339 1185 469 1260 suffragia
481 1196 587 1260 rogant,
610 1195 667 1242 eta
680 1185 864 1258 quibusdem'
858 1196 1013 1260 impetrant,
1028 1153 1122 1242 adver·
1131 1197 1154 1240 le

191 1273 210 1316 ‘t
222 1283 269 1322 sus
281 1275 317 1334 te,
331 1274 359 1320 ot
382 1281 440 1320 rem
452 1273 538 1334 ιιιιιιι,
558 1273 586 1320 et
598 1262 698 1318 liberos
718 1273 780 1320 tuos
802 1263 991 1320 inexorabiles.
1032 1263 1121 1320 Simul

192 1341 268 1398 “lex
280 1309 392 1398 mddum
405 1339 558 1414 sumptibus
571 1340 665 1396 uxoris
678 1350 733 1396 tue
756 1339 848 1396 lacere
868 1339 988 1412 desierit,
1001 1357 1030 1397 tu
1051 1359 1122 1397 uun·

192 1429 305 1494 “quam
331 1419 423 1476 iacies
476 1416 569 1473 Nolite
589 1417 687 1474 eodem
712 1416 774 1476 loco
793 1417 957 1488 existimare,
986 1416 1121 1487 Quirites,

194 1506 213 1542 ‘⁸
225 1497 345 1555 suturam
358 1514 425 1564 reru,
439 1513 493 1568 quo
506 1493 565 1564 luit,
580 1505 725 1568 autequam
739 1494 784 1552 lex
797 1495 832 1552 de
846 1495 898 1552 boo
912 1494 1036 1552 serretur.
1075 1494 1120 1561 Et,

194 1586 213 1620 tt
226 1574 365 1632 bominem
380 1573 533 1646 improbum
547 1591 602 1628 non
622 1571 756 1637 accusari,
779 1571 866 1628 tutius
878 1582 928 1640 est,
942 1572 1024 1646 quim
1038 1571 1124 1630 absol·
1133 1583 1157 1622 1³

195 1663 214 1698 ιι
226 1652 269 1708 ιιι
290 1662 318 1707 et
330 1650 436 1706 luxuria
449 1669 504 1706 uon
519 1660 592 1706 mota
605 1649 769 1714 tolerabilior
782 1660 862 1717 esset,
873 1648 956 1722 quaint
966 1648 1019 1705 erit
1038 1668 1123 1720 nunc,

194 1728 291 1800 “ipsis
312 1727 438 1790 vinculis,
467 1727 538 1782 siout
563 1725 620 1782 fere
646 1726 741 1795 bestia,
762 1725 874 1796 irritata,
895 1726 995 1782 deinde
1015 1727 1123 1782 emissa.

192 1817 213 1851 tt
225 1803 285 1878 Ego
299 1803 374 1859 nullo
389 1803 469 1858 modo
482 1802 667 1876 abrogandam
691 1801 781 1874 legem
797 1801 916 1876 Oppium
929 1821 1048 1862 censeo:
1078 1823 1126 1861 vos

195 1895 214 1929 ‘t
224 1881 297 1954 quod
311 1879 411 1945 faxitis,
426 1878 500 1936 Deos
513 1897 609 1936 omues
622 1878 759 1934 fortunare
773 1879 863 1935 velim.
865 1879 883 1905 ’'

190 2089 193 2096 .
234 2036 270 2113 Y.
304 2035 368 2092 Post
380 2035 440 2090 haee
454 2033 556 2094 tribnru‘
575 2052 693 2121 quoque
702 2033 800 2108 plebei,
820 2035 866 2108 qui
886 2055 915 2090 se
929 2035 1158 2094 intercessurosan

198 2113 312 2189 professi
326 2123 403 2168 eraut
406 2121 509 2185 ,quum
523 2130 613 2186 pauca
631 2111 659 2167 ln
682 2112 808 2168 eamdem
832 2113 997 2170 seutentiam
1011 2113 1127 2201 adjecis-

199 2202 278 2259 seut;
309 2189 412 2250 tumL.
426 2189 554 2245 Valerius
566 2207 615 2262 pro
627 2190 768 2264 rogatione
789 2189 824 2244 ιιι
847 2209 876 2246 se
900 2190 1069 2264 promulgati
1088 2191 1128 2247 ita

200 2268 336 2326 disseruit.
376 2273 394 2303 n
407 2267 437 2323 Si
458 2266 553 2341 privati
574 2267 763 2324 tantummodo
784 2268 818 2322 ed
832 2267 1002 2324 suadendum
1024 2267 1128 2324 dissua-

119 2383 126 2400 .
198 2349 217 2384 “
230 2347 404 2419 dendumque
416 2345 455 2414 id,
468 2345 540 2418 quod
551 2343 654 2401 anobis
662 2355 780 2419 rogatur,
790 2343 995 2432 processissent,
1004 2363 1056 2418 ego
1063 2364 1129 2418 quo·

198 2427 218 2460 “
227 2443 292 2498 que,
306 2443 390 2498 quum
404 2434 469 2478 satis
477 2423 580 2478 dictum
592 2441 640 2496 pro
651 2425 763 2496 utruque
772 2432 848 2494 parte
858 2421 1052 2488 existimarem,
1061 2421 1130 2478 taci·
1136 2436 1161 2474 ιι

198 2505 272 2558 “tus
285 2499 415 2574 suffragia
429 2511 516 2556 vestra
529 2502 739 2572 exspectassem.
768 2499 794 2556 N
798 2518 862 2565 unc,
876 2518 960 2573 quum
975 2499 1013 2554 vir
1026 2499 1129 2572 gravis-

198 2578 249 2613 “
228 2597 322 2642 simus,
336 2576 432 2633 consul
447 2576 487 2634 M.
501 2577 625 2648 Porcius,
634 2576 858 2652 nonauctoritate
869 2571 991 2632 solium
960 2575 1129 2654 ,quatacita

199 2657 218 2690 “
229 2654 295 2710 satis
308 2647 440 2708 momenti
454 2653 601 2716 habuisset,
612 2654 660 2708 sed
668 2653 790 2710 oratione
798 2653 881 2709 etiarn
890 2653 972 2730 longa
979 2665 1006 2709 et
1016 2670 1129 2710 accure-

199 2738 219 2770 “
229 2732 258 2788 ιι
272 2731 422 2788 insectatus
435 2728 470 2785 sit
483 2729 652 2802 rogationem
674 2742 802 2796 nostram,
820 2743 966 2789 necessum
980 2742 1021 2786 est
1032 2729 1129 2818 paucis

199 2813 219 2849 ‘⁶
231 2808 412 2904 respondere:
432 2806 478 2895 qui
487 2817 579 2862 tamen
593 2806 670 2902 plura
678 2807 777 2864 verba
771 2826 800 2866 m
811 2807 978 2884 castigandis
989 2807 1162 2896 matronis-‘n

200 2885 314 2961 “quim
340 2885 368 2946 in
390 2885 529 2960 rogatione
550 2885 643 2942 nostrd
663 2885 854 2954 dissuadendi,
883 2885 1071 2960 consumpsit3
1101 2897 1130 2942 et

201 2964 341 3038 “quidem
357 2974 386 3020 ut
400 2964 428 3018 in
449 2961 532 3018 dubio
552 2974 674 3036 poneret,
689 2961 777 3020 utrrlm
798 2963 835 3031 id,
856 2963 927 3036 quod
948 2962 1131 3035 reprehende·

201 3047 221 3083 “
232 3052 281 3112 ret,
303 3051 433 3098 matronae
453 3041 501 3098 sui
521 3051 627 3114 sponte,
647 3059 681 3096 an
703 3040 782 3096 nobis
802 3040 967 3104 auctoribus,
988 3038 1129 3096 fecissent.

201 3125 220 3160 “
232 3117 306 3176 Rern
320 3117 475 3186 delendam,
488 3136 543 3174 non
557 3135 607 3174 uos
615 3136 622 3184 ;
655 3117 683 3174 in
697 3136 764 3190 qnos
773 3117 842 3192 jecit
863 3115 947 3190 magis
959 3116 1012 3172 hoc
1031 3117 1130 3174 consul

202 3203 221 3238 ‘t
233 3195 315 3252 verbo
328 3207 418 3267 tenus,
431 3193 512 3268 quim
526 3207 556 3252 ut
569 3214 598 3250 re
618 3194 796 3252 insimularet.
836 3194 955 3258 Cortum,
979 3203 1007 3250 et
1020 3193 1163 3250 seditio-ae

203 3281 222 3318 ‘t
233 3290 292 3340 nes,
306 3284 334 3328 et
347 3272 483 3328 interdum
502 3272 685 3330 secessionem
707 3272 867 3328 muliebrem
888 3270 1042 3360 appellavit,
1056 3268 1130 3344 qudd

203 3360 222 3397 ‘t
233 3358 363 3411 matronae
384 3349 412 3406 iu
432 3349 542 3424 publico
561 3367 608 3406 vos
621 3350 772 3424 rogassent,
792 3359 822 3405 ut
835 3347 956 3422 legem,
949 3367 978 3406 ru
997 3367 1027 3403 se
1046 3347 1130 3404 latam

204 3440 282 3501 “per
295 3426 397 3484 bellum
411 3427 577 3500 temporibus
590 3426 702 3491 duris,
695 3446 723 3484 ιιι
744 3445 812 3500 puce
824 3437 852 3483 et
872 3425 984 3482 florente
1002 3444 1035 3482 ac
1049 3425 1131 3482 beati

205 3502 376 3578 “republicai
402 3503 575 3576 abrogaretie.
616 3503 708 3563 Verba
728 3523 836 3578 magua,
856 3523 917 3577 qnae
937 3503 976 3559 rei
997 3502 1130 3578 augendae

205 3591 225 3626 tt
235 3583 318 3636 causi
332 3579 534 3651 conquirantur,
548 3591 576 3636 et
589 3581 658 3650 haec,
672 3591 700 3638 et
713 3581 767 3638 alia
778 3599 838 3638 esse
851 3581 926 3638 scio:
954 3591 982 3638 et
996 3579 1036 3638 tt.
1050 3579 1162 3638 Cato-tt

206 3669 226 3706 rc
236 3673 300 3714 uem
312 3663 446 3714 oratorem
460 3674 516 3712 nou
529 3655 615 3712 soliim
628 3675 749 3730 gravem,
770 3657 818 3714 sed
832 3657 969 3714 interdurn
983 3658 1065 3715 etiam
1078 3666 1132 3714 tru-

207 3744 225 3790 t‘
237 3749 299 3802 cem
319 3751 379 3804 esse
399 3731 501 3798 scimus
521 3751 625 3806 omnes,
645 3753 729 3814 quum
753 3735 864 3808 ingenio
882 3735 917 3792 sit
936 3735 1018 3794 mitis.
1057 3733 1143 3791 Nem.
