2620 4200
154 351 211 412 272
546 343 611 394 nn
628 343 709 394 mvn

155 491 270 550 “cultos
284 489 329 554 ait,
344 496 424 561 atque
438 507 532 544 eorum
547 487 648 544 fiducia
662 487 690 542 in
705 503 780 560 spem
801 486 878 560 regni
893 503 936 542 me
949 485 1082 544 venissel

155 578 172 604 ‘¹
183 589 246 626 nam
259 569 282 624 si
295 577 323 642 et
336 565 364 622 in
378 566 514 622 Romanis
527 576 632 621 tantum
648 564 779 620 momenti
797 583 857 620 esse
871 565 1028 635 credebam,
1043 575 1081 630 ut,

154 655 171 680 “
181 665 261 722 quern
277 643 385 710 vellent,
401 644 572 717 imponerent
597 642 768 698 lllacedoniae
783 661 886 714 regem,
900 653 927 698 et
941 661 1010 697 meae
1024 653 1082 698 tau·

154 731 238 781 “tum
265 722 338 798 apud
365 741 412 777 ees
437 721 531 794 gratia
552 720 733 789 confidebam,
764 721 828 792 qnid
849 739 916 792 opus
936 720 1084 793 parricidio

153 807 170 831 “
183 802 254 858 fuirt
296 803 353 865 An,
368 811 397 856 ut
410 811 555 854 cruentum
571 797 689 853 l'raternri
703 797 778 852 cade
793 798 920 852 diadema
933 799 1080 870 gererem?
1103 814 1118 853 5

153 888 171 912 ‘⁴
181 889 211 936 nt
224 879 276 934 illis
291 878 364 950 ipsis,
386 878 458 950 apud
477 896 544 949 quos
558 885 604 930 aut
625 876 688 930 verit
707 886 753 930 aut
766 878 840 931 certe
854 875 980 930 simulata
993 875 1080 948 probi·
1096 941 1098 946 Ι

153 965 234 1012 “tate
249 968 352 1029 partam
366 955 480 1028 gratiam
497 954 592 1022 habeo,
607 954 628 1007 si
640 971 721 1025 quam
735 953 802 1008 sorte
817 954 914 1024 habeo,
928 954 1082 1008 exsecrabi-

153 1034 214 1090 “lis
227 1045 254 1090 et
267 1034 370 1089 invisus
383 1033 492 1086 esseml
523 1031 575 1086 nisi
597 1031 632 1085 Τ.
646 1030 796 1090 Quintium
817 1032 917 1096 credis,
938 1032 1017 1105 cujus
1031 1031 1082 1086 rir-

153 1117 238 1168 “tute
252 1123 280 1166 et
303 1109 424 1166 consiliis
446 1128 488 1164 rne
512 1128 588 1164 nunc
602 1109 694 1181 arguis
715 1109 783 1182 regi,
804 1127 887 1181 quum
909 1119 936 1163 et
957 1108 1013 1181 ipse
1033 1108 1081 1164 tali

152 1191 279 1263 “pietate
294 1189 365 1244 vivat
377 1207 440 1243 curn
456 1185 546 1256 fratre,
562 1186 628 1241 milri
654 1187 781 1242 lratcrnae
795 1185 879 1241 cardis
894 1185 976 1240 fuisse
990 1197 1085 1252 aucto·¹
1093 1203 1118 1241 ro

152 1270 169 1296 “
180 1287 246 1324 rem.
280 1267 358 1321 Idem
372 1285 427 1321 uon
442 1265 631 1322 Romanorum
646 1264 737 1319 selum
751 1264 877 1338 gratiam,
891 1264 939 1319 sed
956 1263 1083 1320 Macedo·

152 1346 169 1372 “
179 1364 245 1401 num
258 1343 371 1418 judicia,
386 1362 419 1398 ac
432 1361 510 1416 pane
523 1343 646 1398 omniurn
671 1341 793 1397 Deorum
808 1342 1003 1414 hominumque
1016 1361 1082 1398 con·
1118 1381 1120 1394 .

152 1424 288 1480 “sensum
303 1421 420 1494 collegit,
435 1439 483 1494 per
496 1439 557 1492 quae
580 1419 673 1476 omnia
696 1438 725 1474 se
749 1419 816 1476 milri
837 1438 929 1492 parem
954 1419 982 1474 in
996 1429 1083 1475 certa-

152 1501 254 1556 “mine
278 1519 333 1554 non
358 1497 477 1554 futurum
504 1497 670 1556 crediderit:
705 1497 787 1562 idem,
814 1509 952 1570 tamquam
973 1497 1002 1552 in
1023 1498 1081 1553 aliis

151 1589 168 1614 ‘⁴
178 1579 306 1634 omnibus
319 1577 401 1632 rebus
424 1575 535 1630 inferior
556 1595 655 1644 essem,
677 1575 711 1630 ad
735 1575 847 1630 sceleris
868 1593 944 1648 spem
958 1575 1081 1630 ultimam
1092 1593 1116 1631 15

152 1667 168 1692 ‘¹
179 1655 337 1729 confugisse
352 1673 395 1708 me
409 1652 557 1709 insimulat.
599 1653 648 1707 Vis
662 1653 735 1708 hanc
749 1652 892 1708 formulam
916 1653 1081 1726 cognitionis

151 1743 167 1767 “
177 1751 247 1801 esse,
262 1744 300 1801 ut,
316 1744 375 1786 uter
389 1731 518 1795 timuerit,
534 1749 569 1784 ne
583 1731 650 1785 alter
664 1729 773 1802 dignior
796 1729 934 1785 videretur
948 1750 1043 1805 regno,
1057 1731 1081 1786 is

150 1818 167 1844 “
177 1807 322 1866 consilium
336 1808 508 1880 opprimendi
522 1807 612 1865 fratris
625 1807 731 1880 cepisse
742 1802 902 1881 judicetur?

187 1963 272 2022 XIII.
294 1969 312 2000 st
323 1961 512 2036 Exsequamnr
525 1973 618 2018 tamen
632 1981 805 2036 quocumque
820 1961 901 2019 modo
915 1964 1083 2022 confictier·

150 2041 271 2100 “dinem
294 2043 426 2099 criminis.
469 2041 602 2112 ,Pluribus
626 2042 713 2096 modis
734 2060 763 2096 se
784 2041 899 2115 petitum
919 2043 1115 2110 criminatuseo

150 2127 228 2190 “est
255 2132 283 2177 et
308 2139 403 2176 omnes
429 2119 590 2174 insidiarum
611 2120 668 2175 vias
688 2119 716 2175 in
745 2138 831 2175 unum
860 2119 934 2175 diem
955 2121 1080 2177 contulit.

149 2199 261 2256 “Volui
279 2198 397 2254 interdiu
411 2216 484 2267 enm,
496 2207 555 2270 post
567 2197 764 2265 lustrationem,
779 2216 863 2270 quum
877 2199 1080 2270 concurrimus,

150 2276 335 2350 “etquidem
363 2275 399 2349 (si
426 2274 487 2330 Diis
506 2275 609 2351 placet)
641 2275 832 2330 lustrationum
863 2275 907 2332 die
928 2276 1080 2332 occiderer

148 2355 260 2420 “volui,
280 2373 363 2427 quum
385 2353 419 2408 ad
440 2371 548 2408 coenam
569 2351 690 2418 invitavi,
711 2371 819 2410 veneno
838 2354 945 2409 seilicet
965 2353 1080 2409 tolleret
1124 2371 1127 2378 ’

149 2429 258 2498 “volrri,
272 2450 355 2505 quum
376 2431 551 2486 comissatum
573 2430 671 2503 gladiis
691 2429 811 2486 accincti
831 2449 875 2486 me
896 2431 984 2486 secuti
1005 2442 1115 2499 suut,2s

149 2510 250 2564 “ferro
271 2508 433 2564 interlicere.
474 2508 613 2580 'Fernpora
633 2508 744 2581 quidem
767 2507 858 2581 qualia
879 2509 934 2564 sint
948 2509 980 2563 ad
1015 2510 1080 2564 arri-

148 2589 166 2622 “
178 2585 280 2642 cidium
290 2586 387 2650 electa,
398 2586 487 2641 vides:
512 2585 596 2656 lusda,
604 2585 731 2655 convivii,
741 2586 949 2642 centissatiouis.
977 2529 1055 2645 (lluid
1066 2588 1078 2642 l

149 2662 236 2718 “dies
256 2661 363 2735 qnalisl
396 2681 449 2733 qno
476 2661 603 2716 lustratus
630 2664 851 2736 exercitusque
873 2665 942 2720 inter
963 2665 1078 2720 divisam

147 2744 166 2777 “
178 2737 464 2813 victimam‚'prmlutis
488 2739 621 2802 omnium,
646 2740 691 2814 qui
707 2755 826 2813 unquam
841 2740 925 2811 luere,
949 2741 1079 2798 Macedo-

147 2823 165 2855 “
177 2819 230 2875 niae
244 2837 339 2892 regum
354 2817 435 2873 armis
449 2815 540 2891 regila,
555 2817 609 2872 duo
623 2817 672 2873 soli
687 2829 734 2872 tua
745 2823 869 2892 tegentes
883 2819 976 2885 latera,
991 2831 1077 2893 pater,
1087 2837 1112 2876 aa

147 2901 165 2933 “
176 2898 302 2972 praerecti
317 2915 420 2961 sumus,
435 2907 463 2950 et
477 2907 601 2950 secutum
616 2907 658 2950 est
674 2895 858 2952 Macedonum
873 2916 981 2970 agmen.
1013 2897 1077 2953 Hoc

146 2979 236 3047 “ego
251 2975 332 3030 etiam
347 2974 369 3030 si
392 2973 457 3045 quid
477 2976 541 3034 antu
564 2973 734 3028 admisissem
756 2974 864 3046 piaculo
885 2975 1009 3049 dignum,
1023 2975 1078 3030 lus-

145 3055 261 3107 “tratua
283 3063 311 3106 et
330 3051 454 3126 expiatus
474 3069 561 3116 sacro,
583 3062 639 3106 tum
664 3070 748 3123 quum
769 3052 888 3108 maximo
910 3053 938 3108 in
959 3052 1076 3108 hostiam

146 3127 266 3185 “itineri
284 3140 375 3184 nestro
396 3128 593 3184 circumdatam
610 3129 728 3192 inruens,
750 3129 935 3202 parricidium,
957 3149 1074 3196 venena,

146 3205 289 3281 “gladios
310 3207 339 3261 in
360 3206 579 3262 comissationem
600 3218 772 3279 praeparatos,
793 3207 947 3263 volutabam
968 3207 996 3264 in
1017 3209 1110 3265 ani-ae

145 3288 164 3321 “
176 3291 236 3340 mo':
258 3294 287 3338 ut
299 3283 397 3355 quibus
412 3284 471 3339 aliis
485 3284 585 3340 deinde
600 3284 685 3339 saeris
699 3285 912 3341 contaminatam
926 3286 1001 3342 omni
1016 3305 1076 3342 sce·

145 3365 164 3398 “
175 3361 231 3418 lere
246 3374 365 3418 mentem
379 3362 537 3435 expiareml
573 3362 628 3417 Sed
649 3381 740 3418 caecus
761 3361 925 3420 criminandi
941 3364 1076 3439 cupidita·

117 3437 119 3444 '
145 3443 164 3476 ‘I
174 3450 200 3495 te
222 3439 337 3508 animare,
361 3439 427 3494 dum
447 3439 541 3495 omnia
561 3451 689 3512 suspecta
709 3439 818 3496 efficere
840 3441 905 3512 vult,
926 3441 999 3498 aliud
1021 3442 1075 3500 alio

67 3538 71 3547 ¹
145 3520 164 3553 “
175 3517 336 3573 confundit:
364 3535 438 3586 nam,
452 3517 474 3572 si
489 3536 595 3572 veneno
615 3527 641 3572 te
662 3514 732 3574 inter
753 3537 860 3574 emnam
881 3519 975 3576 tollere
989 3520 1074 3588 volni,

145 3598 164 3631 “
174 3593 239 3668 quid
254 3593 343 3657 mimis
356 3604 448 3667 aptum
464 3593 523 3664 luit,
543 3592 625 3667 quarn
647 3595 782 3667 pertinaci
796 3597 946 3653 certamine
960 3608 988 3653 et
1007 3614 1107 3657 con-40

145 3673 254 3726 “cursu
268 3671 366 3726 iratum
379 3682 407 3727 te
421 3671 540 3737 efficere,
555 3684 584 3728 ut
599 3671 694 3728 merito
719 3673 802 3750 (sicut
815 3673 918 3752 fecisti)
942 3675 1073 3732 invitatus

144 3748 208 3803 “ad
228 3766 337 3804 coenam
357 3747 517 3804 abnueres?
569 3748 666 3808 Quum
694 3762 786 3808 autem
816 3751 901 3810 iratus
929 3755 1072 3829 negasses,
