2638 4206
564 304 722 355 tritanu..
736 315 794 354 ete.
806 317 848 352 11..
1117 310 1170 368 121

225 465 294 522 'quo
305 459 481 506 tremerent
492 448 530 504 ad
540 447 636 504 urbem
650 445 808 520 (mansuros
821 444 895 506 enim
907 445 943 502 ad
957 445 1061 506 Alliam
1074 447 1169 517 fuisse,

237 525 292 582 uisi
305 526 358 582 hoe
371 527 479 582 consilii
491 526 572 601 foret)
585 543 593 591 3
614 523 716 581 deinde
725 524 777 580 sub
787 539 917 580 occasum
931 524 1004 590 solis,
1018 524 1083 597 quia
1096 527 1169 584 haud

236 603 355 659 multum
369 604 425 660 diei
438 612 590 678 supererat,
604 612 668 658 ante
689 612 800 658 noctem
812 601 864 656 rati
876 619 907 658 se
921 600 1062 662 invasuros
1072 621 1086 670 ;·
1110 615 1169 662 tum

236 679 266 736 iu
279 691 388 737 noctem
403 680 516 737 dilatum
530 679 675 736 eonsilium
689 670 824 752 esse,'qub
836 677 897 752 plus
907 679 1013 752 pavoris
1026 679 1167 738 inferrent

118 755 123 772 ⁴
215 755 377 814 sPostremd
390 759 437 814 lux
450 757 672 832 appropinquans
684 757 842 812 exanimare
855 775 862 812 :
881 757 1026 830 timorique
1036 772 1169 832 perpetuo

234 834 324 908 ipsum
339 836 440 893 malum
455 835 602 892 continens
615 833 675 902 fuit,
689 853 774 907 quum
794 833 874 908 signe
894 833 994 892 infesta
1006 836 1091 909 portis
1104 851 1167 894 sunt

233 912 316 968 illata.
357 914 540 988 Nequiquam
554 923 646 970 tamen
660 911 695 967 et
717 921 807 980 nocte,
832 930 922 985 neque
942 913 1097 988 insequenti
1111 915 1166 981 die,

232 989 331 1046 similis
344 991 393 1061 illi,
407 1010 467 1064 quae
482 991 516 1046 ad
530 990 633 1047 Alliam
654 1000 710 1046 tam
731 989 826 1062 paride
849 989 964 1064 fugerat,
986 991 1083 1048 civitas
1107 991 1166 1048 fuit.

233 1066 406 1142 Numquam
427 1068 538 1126 defendi
561 1067 657 1124 urbem
670 1085 760 1140 posse,
781 1078 837 1123 tam
857 1068 940 1142 parva
962 1068 1166 1141 relictarum,
1196 1073 1199 1126 ἶ

202 1163 296 1218 nospes
309 1147 385 1202 nulla
397 1158 479 1213 esset,
491 1147 603 1220 placuit,
616 1164 681 1202 cum
705 1144 870 1218 conjugibus
890 1164 924 1202 ac
946 1145 1048 1211 liberis,
1070 1146 1167 1222 juven·
1194 1167 1200 1220 g

235 1234 321 1279 tutem
334 1224 479 1280 militarem
501 1223 668 1295 senatflsque
686 1222 769 1279 robur
783 1222 811 1278 iu
832 1241 924 1280 arcem
945 1223 1166 1299 Capitoliumque
1195 1255 1199 1272 ι

232 1302 387 1358 concedere
399 1321 406 1369 ;
438 1302 574 1374 armisque
586 1312 614 1356 et
628 1300 764 1356 frumento
778 1299 893 1366 collatis,
907 1319 942 1356 ex
953 1300 1015 1358 loco
1028 1303 1093 1358 inde
1106 1321 1166 1360 mu·
1248 1363 1258 1378 f

231 1377 291 1434 nito
312 1379 386 1436 Deos
416 1379 595 1451 hominesque
622 1388 650 1432 et
677 1377 837 1434 Romanum
865 1397 967 1436 nomen
996 1379 1164 1436 defendere:

232 1454 389 1512 Flamiuem
402 1457 613 1528 sacerdotesque
633 1454 760 1510 Vestales
782 1473 861 1512 sacra
874 1455 986 1530 publiea
998 1475 1015 1512 e
1027 1457 1114 1522 cede,
1130 1457 1165 1512 ab
1193 1507 1196 1526 ἱ

199 1532 369 1591 reincendiis
382 1533 477 1608 procul
501 1533 627 1600 auferre3
661 1551 714 1588 nec
738 1532 800 1588 ante
823 1534 913 1589 deseri
934 1533 1039 1590 cultum
1060 1553 1164 1601 eorum,
1192 1567 1195 1605 4

229 1609 382 1684 quim-hon
395 1619 578 1684 superessent,
593 1609 639 1682 qui
653 1609 784 1666 colerent
826 1609 857 1666 Si
870 1629 919 1666 arx
932 1610 1163 1684 Capitoliumque,
1194 1611 1195 1616 '

230 1689 310 1744 sedes
324 1688 458 1754 Deorum,
473 1688 495 1743 si
510 1696 632 1751 senatus,
647 1697 731 1760 caput
743 1686 847 1760 publici
858 1687 977 1752 consilii,
1001 1689 1024 1743 si
1038 1688 1164 1744 militaris

225 1764 355 1840 juventus
368 1765 532 1839 superfuerit
555 1764 710 1820 imminenti
730 1764 817 1820 ruinae
842 1763 926 1830 urbis,
951 1763 1060 1820 facilem
1075 1765 1164 1840 jactu·

228 1861 360 1899 ramesse
380 1843 529 1908 seniorum,
542 1841 646 1898 relictae
670 1841 698 1896 in
719 1841 788 1896 urbe
810 1841 902 1914 utique
916 1841 1042 1914 periture
1050 1843 1161 1900 turbae:

195 1930 266 1988 met,
279 1918 332 1992 qud
352 1920 380 1975 id
398 1921 516 1992 equiore
531 1919 623 1976 auimo
642 1918 677 1974 de
698 1919 778 1992 plebe
798 1918 945 1976 multitudo
966 1919 1058 1990 ferret,
1081 1939 1162 1976 senes

228 1997 407 2070 triumphales
429 1997 640 2068 consularesque
660 1996 741 2052 simul
762 2015 791 2052 se
806 1995 938 2052 cumillis
957 1997 1047 2070 palam
1068 1996 1161 2052 dicere

227 2072 368 2140 obituros3
396 2091 450 2128 nec
473 2073 516 2129 his
536 2073 705 2146 corporibus,
724 2074 824 2146 quibus
838 2093 893 2130 uon
914 2093 990 2130 arma
1010 2074 1090 2146 ferre,
1104 2094 1160 2132 non

227 2151 297 2206 tueri
311 2150 428 2224 patriam
442 2161 562 2224 possent,
577 2163 737 2207 oneraturos
750 2151 870 2224 inopiam
885 2164 1060 2212 armatorum.

264 2306 326 2362 XL.
360 2306 431 2362 Haec
444 2306 515 2364 inter
529 2307 652 2364 seniores
664 2306 744 2364 morti
765 2306 915 2364 destinatos
931 2308 1035 2382 jactata
1054 2309 1158 2380 solatia.

191 2383 320 2445 erVersae
333 2384 398 2440 inde
412 2385 616 2442 adhortationes
637 2385 671 2440 ad
693 2403 793 2458 agmen
813 2385 957 2460 juvenum,
976 2405 1043 2460 quos
1063 2386 1092 2442 in
1107 2387 1160 2444 Ca·

224 2461 347 2535 pitolium
363 2473 443 2536 atque
457 2462 486 2519 in
500 2481 591 2518 arcem
605 2462 848 2535 prosequebantur,
867 2465 1094 2521 commendantes
1108 2466 1158 2522 vir·
1230 2515 1240 2528 ,

225 2539 275 2596 tuti
293 2558 388 2596 eorum
406 2541 581 2614 juventaeqne
602 2539 677 2595 urbis
690 2557 739 2613 per
759 2537 897 2596 trecentos
910 2541 1054 2616 sexaginta
1068 2561 1157 2598 annos

161 2616 169 2645 '¹'
222 2617 351 2674 omnibus
365 2617 443 2674 bellis
457 2617 586 2683 victricis,
600 2635 781 2690 quecumque
794 2617 899 2691 reliqua
912 2631 994 2686 esset,
1008 2619 1154 2678 fortunam.

223 2692 459 2767 Digredientibus‚
483 2693 529 2768 qui
553 2713 629 2769 spem
643 2713 754 2751 omnem
776 2704 856 2768 atque
876 2715 955 2769 opem
976 2715 1072 2754 secum
1087 2694 1156 2754 fere-

188 2793 214 2832 au
223 2770 298 2836 bant,
313 2772 404 2842 abiis,
418 2773 463 2844 qui
477 2783 564 2845 captae
578 2773 654 2828 urbis
667 2791 723 2830 non
736 2791 879 2846 superesse
894 2774 1139 2830 statuerantexitio
1147 2794 1154 2841 ς
1170 2844 1175 2850 a

221 2867 305 2920 quum
328 2848 387 2922 ipsa
409 2867 453 2904 res
472 2849 632 2923 speciesque
655 2849 818 2907 miserabilis
841 2859 908 2916 erat,
932 2862 992 2906 tum
1012 2849 1154 2906 muliebris

141 2945 144 2952 ·
220 2923 300 2982 fletus
313 2937 341 2982 et
354 2927 529 2983 concursatio
538 2926 652 2992 incerta,
667 2945 743 2984 nunc
754 2928 803 2984 hos
814 2945 889 2984 nunc
898 2926 957 2984 illos
967 2926 1152 3000 sequentium,

218 3004 450 3078 rogitantiumque
463 3004 534 3060 uiros
546 3015 688 3078 natosque,
694 3005 742 3060 cui
756 3024 786 3062 se
800 3006 855 3061 fato
865 3005 972 3070 darent,
987 3005 1065 3071 nihil,
1079 3006 1152 3079 quod

218 3081 346 3140 humanis
369 3092 525 3156 superesset
544 3081 631 3151 malis,
658 3081 858 3156 relinquebant.
899 3081 1005 3156 Magna
1027 3101 1089 3157 pars
1112 3093 1151 3140 ta-

184 3177 281 3221 asmen
295 3178 389 3216 earum
404 3161 433 3216 iu
456 3179 550 3222 arcem
563 3178 627 3216 suos
646 3170 798 3233 prosecute
819 3169 892 3226 sunt,
913 3178 967 3215 nec
986 3160 1150 3234 prohibente
1246 3159 1247 3175 ¹

217 3237 280 3306 ullo,
294 3256 347 3294 nec
372 3249 505 3306 vocante3
535 3237 607 3311 quia,
620 3239 693 3311 quod
707 3237 773 3294 utile
786 3236 904 3295 obsessis
915 3237 950 3294 ad
970 3237 1149 3296 minuendam

218 3313 355 3372 imbellem
379 3315 592 3382 multitudinem,
615 3315 644 3372 id
666 3333 763 3390 parum
791 3311 943 3372 humanum
966 3327 1032 3373 erat.
1072 3315 1147 3381 Alia,

134 3387 139 3398 '
217 3392 334 3448 marium
348 3392 445 3467 plebis,
466 3394 557 3463 turba,
568 3411 649 3466 quam
663 3412 717 3450 nec
738 3411 837 3466 capere
855 3404 910 3449 tam
931 3393 1047 3468 exiguus
1060 3392 1146 3462 collis,

216 3483 270 3524 nec
284 3469 355 3525 alere
369 3471 397 3526 in
412 3471 492 3530 tenth
510 3470 600 3544 inopia
621 3471 750 3528 frumeuti
770 3481 885 3543 poterat,
908 3489 943 3528 er
963 3471 1030 3528 urbe
1050 3469 1146 3537 effusa,

179 3544 290 3608 annelat
303 3548 411 3620 agmine
422 3547 480 3622 jam
494 3567 556 3618 uuo,
571 3549 649 3622 petiit
661 3547 838 3606 Janieulum:
859 3549 923 3605 inde
937 3567 999 3624 pars
1009 3565 1058 3622 per
1066 3565 1146 3624 agros

214 3621 322 3695 dilapsi,
336 3642 398 3696 pars
410 3626 492 3682 urbes
504 3636 601 3699 petunt
621 3625 761 3691 finitimas,
785 3625 846 3684 siue
867 3627 922 3684 ullo
935 3628 1007 3684 duce
1020 3636 1068 3684 aut
1081 3645 1146 3686 cou-

211 3717 398 3772 sensu,.suam
411 3703 524 3778 quisque
537 3721 625 3836 qum,
643 3721 694 3760 sua
706 3703 831 3777 consilia,
845 3703 1040 3772 communibus
1052 3704 1144 3781 deplo-
