2622 4194
516 381 619 445 ammi
634 365 668 444 11'.
684 373 856 445 'dandum
1118 396 1156 461 π

222 508 331 614 dbb'rle'
343 524 433 607 bertr,
446 534 529 616 quiin
541 523 662 616 potuisse
676 522 792 598 arbitror
805 525 874 607 fieri,
894 546 933 612 ut,
949 509 1156 616 conditidn'ibud

220 614 331 674 laxandi
345 626 492 688 annonam,
507 625 536 675 et
556 617 732 676 tribuniciam
753 627 926 694 potestatem,
939 619 968 676 et
979 617 1074 677 onmia¹
1087 619 1157 678 invi:

150 695 151 702 ’
220 695 257 752 tie
265 693 469 772 juraimposita
480 695 577 756 Patres
590 695 734 754 demerent
747 695 809 754 sibi.
911 763 913 768 .

254 849 382 912 XXXV.
402 851 439 911 Et
452 841 560 911 senatui
573 847 656 912 bimis
670 859 748 912 atrox
761 843 829 911 visa'
840 853 977 911 sententia
990 861 1041 922 est,
1056 861 1084 912 et
1096 847 1156 932 ple-¹
1250 893 1257 900 -

196 925 283 1004 obem,
294 931 335 988 ira
347 932 433 1008 prope
448 932 570 989 armavit.
610 934 629 968 “
640 931 727 990 Fame
742 933 846 1009 sejam,
867 933 940 990 sicut
959 933 1061 1000 hostes,
1075 934 1131 1009 peti
1143 951 1156 1017 ᾗ

216 1009 308 1066 “cibo
321 1010 450 1089 victuque
465 1009 584 1068 fraudari
597 1029 613 1086 3¹
635 1011 814 1087 peregrinum
826 1012 1005 1083 frumentum,
1019 1024 1080 1086 quae
1095 1011 1156 1088 sola}

215 1087 375 1146 “alimenta
388 1109 421 1146 ex
433 1090 571 1166 insperato
584 1089 694 1147 fortuna
707 1091 823 1163 dederit,
848 1090 882 1146 ab
905 1109 952 1148 ore
966 1089 1034 1166 rapi,
1049 1089 1103 1147 nisi
1118 1091 1152 1148 C.

216 1165 351 1226 “Marcio
365 1167 450 1225 vincti
470 1167 606 1224 dedantur
626 1169 739 1239 tribuni,
760 1168 813 1225 nisi
834 1168 869 1225 de
889 1179 966 1244 tergo
986 1167 1075 1244 plebis
1093 1167 1154 1226 Rc*

193 1247 196 1254 “
216 1244 235 1316 ‘f
246 1257 334 1302 manae
348 1246 476 1318 satisfiat,
510 1245 583 1303 Eum
598 1246 649 1302 sibi
663 1247 824 1304 carnificem
837 1265 939 1303 novum
953 1259 1091 1320 exortum,
1104 1245 1153 1324 qui

183 1326 293 1381 1⁰“aut
311 1324 379 1381 mori
393 1334 440 1381 aut
453 1325 554 1381 servire
572 1323 697 1400 jubeat.’'
737 1325 771 1382 In
792 1335 941 1382 exeuntem
962 1341 979 1380 e
1003 1325 1081 1381 curia
1101 1325 1152 1382 im:

214 1412 295 1480 petus
309 1402 397 1460 iactus
413 1413 494 1472 esset,
516 1403 545 1460 ni
564 1405 765 1478 peropportune
785 1404 888 1461 tribuni
910 1403 985 1460 diem
1007 1403 1150 1462 dixissent.

214 1479 258 1538 Ibi
273 1481 314 1538 ira
327 1491 369 1537 cst
379 1501 540 1556 suppressa:
568 1501 598 1538 se
618 1482 741 1557 judicem
764 1483 889 1558 quisque,
910 1501 940 1538 se
954 1482 1098 1539 dominum
1111 1483 1151 1539 vi·

213 1568 248 1616 tae
262 1559 394 1633 necisque
403 1557 510 1616 inimici
522 1559 624 1616 lactum
637 1561 754 1617 videbat.
794 1601 916 1618 .....
938 1555 1002 1636 lpse
1011 1573 1095 1634 quum
1104 1561 1151 1618 die

190 1634 193 1646 “
213 1637 287 1694 dicta
300 1657 356 1714 non
370 1637 501 1715 adesset„
511 1649 714 1714 perseveratum
736 1639 765 1696 in
786 1639 826 1696 irai
844 1651 893 1698 est.
933 1637 1089 1694 Damnatus
1102 1637 1151 1694 ab·

181 1725 276 1773 1⁵sens
290 1717 318 1772 in
334 1715 450 1774 Volscos
473 1717 627 1773 exsulatum
649 1717 729 1784 abiit,
750 1717 884 1774 minitans
904 1717 1010 1793 patriae,
1025 1716 1150 1774 hostilesd

211 1803 264 1869 que
282 1795 340 1870 jam
361 1804 419 1852 tum
440 1795 553 1870 spiritus
572 1813 681 1870 gerens.
723 1797 890 1853 Venientem
912 1794 1007 1852 Volsci
1027 1794 1149 1872 benigne

211 1875 361 1948 excepere;
382 1873 583 1949 benignidsque
597 1875 626 1930 iu
641 1873 705 1932 dies'
719 1875 857 1941 colebant,
878 1872 933 1948 qud
957 1873 1043 1948 ma'jor
1064 1873 1105 1930 ira
1118 1874 1148 1930 in

211 1970 275 2010 suos
289 1951 438 2024 eminebat,
452 1952 609 2027 crebraeque
622 1971 699 2010 nunc
712 1948 841 2028 querele,
864 1971 941 2009 nunc
962 1951 1046 2008 minae
1059 1951 1148 2026 perci·

211 2027 366 2104 piebantur.
406 2028 535 2104 Hospitio
556 2029 683 2088 utebatur
706 2032 776 2088 Attii
798 2031 884 2088 Tulli.
925 2029 1022 2106 Longe
1043 2029 1148 2087 iatum

175 2115 206 2155 ω
210 2107 340 2182 princeps
355 2105 448 2164 Volsci
469 2108 589 2164 nominis
602 2122 669 2180 erat,
688 2109 879 2184 Romanisque
893 2127 1000 2183 semper
1014 2105 1130 2164 infestus
1139 2100 1149 2162 τ’

211 2186 257 2256 ita,
272 2204 356 2260 quum
370 2185 487 2242 alterum
501 2195 579 2241 vetus
592 2187 696 2254 odium,
717 2189 834 2244 alterum
856 2188 896 2244 ira
908 2203 1008 2243 recens
1021 2185 1145 2243 stimula-

165 2333 171 2348 ,
209 2265 260 2332 ret,
276 2263 393 2322 consilia
404 2263 552 2320 conserunt
564 2264 599 2319 de
613 2263 743 2322 Romano
757 2265 849 2322 bello.
878 2305 886 2319 .
907 2304 913 2321 .
936 2307 942 2320 .
963 2303 971 2320 .
993 2292 1000 2319 a

246 2418 390 2479 XXXIX.
418 2421 603 2496 Imperatores
616 2422 651 2478 ad
665 2421 693 2478 id
717 2421 819 2478 belluni
843 2413 878 2477 de
893 2419 1017 2478 omnium
1030 2409 1149 2496 populoa'

207 2519 268 2557 rum
282 2500 419 2557 sententia
438 2500 506 2557 lecti
525 2499 620 2556 Attius
640 2499 742 2558 Tullus
761 2511 789 2557 et
802 2499 836 2555 C.
852 2499 976 2558 Marcius
989 2499 1066 2555 exsul
1085 2498 1150 2556 Ro·

173 2573 315 2645 samarius,
330 2579 361 2635 in'
372 2585 428 2653 quo'
441 2576 580 2652 aliquantd
603 2577 665 2654 plus
685 2571 744 2653 spei
758 2577 914 2652 repositum.
954 2576 1049 2638 Quam
1065 2563 1147 2652 spem'

206 2659 380 2732 nequaquam
395 2655 506 2713 ielellit:
535 2667 565 2714 ut
579 2655 659 2714 facile
673 2667 823 2732 appareret,
838 2653 957 2714 ducibus
971 2655 1142 2730 validiorem,

205 2729 287 2814 quim
308 2735 441 2802 exercitu,
462 2742 523 2791 rem'
542 2735 710 2792 Romanam
724 2755 794 2792 esse.
847 2733 972 2810 Circejos
992 2724 1149 2816 profectus,

204 2813 323 2888 prirnrlm
337 2813 449 2870 colonos
464 2813 529 2870 inde
542 2811 687 2870 Romanos
707 2812 820 2890 expulit,
840 2811 1010 2885 liberamque
1023 2829 1085 2866 earn
1100 2821 1150 2867 ur·'
1169 2858 1172 2878 ,

186 2891 269 2946 ‘be'm
290 2889 401 2948 Volscis
420 2891 541 2948 tradidit.
589 2889 669 2960 Inde,
684 2891 713 2949 in
734 2891 863 2950 Latinam
884 2891 955 2946 viam
980 2884 1148 2944 transversis*

171 2961 360 3041 otiantibus
372 2975 568 3044 transgressus,
578 2969 726 3042 Satricum,
741 2969 905 3046 Longulam,
917 2965 1074 3038 Poluscam,
1089 2965 1146 3023 Co?

203 3043 295 3126 qlolos,
318 3046 439 3126 (novella
458 3049 519 3104 haec
539 3047 676 3106 Romanis
701 3049 815 3126 oppida)
837 3045 948 3103 ademit.
988 3043 1063 3100 Inde
1086 3043 1147 3118 Lag

202 3125 443 3202 vibium're‘cepit:
464 3135 536 3183 tunc'
549 3127 682 3202 deinceps
705 3123 883 3197 Corbionem,
896 3121 1047 3194 Vitelliam,
1069 3121 1141 3180 Tre·

202 3201 289 3273 biam,
301 3203 428 3272 Labicos,
443 3202 550 3264 Pedum
564 3205 646 3280 cepit
677 3203 853 3262 Postremrlm
868 3201 903 3258 a'd
916 3201 1019 3258 Urbem
1033 3221 1050 3258 a
1063 3201 1146 3260 Pedo'

202 3275 299 3352 ducit3
327 3287 364 3351 et',
378 3283 413 3339 ad
428 3281 513 3342 fossas
528 3283 654 3350 Cluilias,
667 3283 789 3358 quinque
803 3283 838 3338 ab
851 3279 927 3338 Urbe
945 3279 1032 3337 millia
1044 3291 1143 3356 passu-⁴

170 3355 483 3450 beuni,cas't'ris'positis'‚
504 3359 648 3438 populatur
672 3362 737 3418 inde
760 3365 857 3438 agrum
870 3359 1030 3416 Romanum
1042 3377 1050 3427 ;
1076 3375 1143 3434 cusg

203 3437 312 3499 toribus
324 3439 402 3498 i'n't'er'
418 3440 591 3516 populatores
615 3439 715 3508 missis,
737 3437 977 3514 quipbtr'ic'io'ru‘m
998 3429 1078 3510 ag‘i'ds
1096 3435 1141 3512 in7.

202 3499 294 3594 tlicln'sv
303 3524 460 3595 servarentss
480 3518 537 3576 sive
551 3518 676 3576 infensus
688 3517 761 3596 plebi
775 3517 871 3592 m'a'gis,
886 3515 943 3574 sive
955 3523 985 3572 ut
998 3511 1143 3596 discordia,

201 3593 269 3672 inde
283 3595 353 3654 inter
366 3595 462 3654 Pa'tr'ea
484 3594 647 3672 plebemque
670 3596 807 3656 or'ireturss'
835 3589 910 3657 Quae
929 3586 1059 3682 proiectd'
1076 3600 1141 3667 orta¹

180 3667 185 3681 ⁴
201 3677 285 3752 esset,
300 3669 368 3732 adad
388 3675 491 3734 tribuni
510 3675 567 3751 jam
582 3675 703 3748 fero‘cfe'm
726 3679 825 3752 per's‘e
838 3674 951 3750 plebem'
961 3664 1136 3746 ,crimrda'utdo

167 3751 233 3818 trin
245 3751 380 3830 primores
390 3753 509 3814 diritatis
522 3749 692 3830 instigabant
703 3773 709 3828 ς
740 3749 791 3810 sbd
802 3747 1035 3825 eiiter'nu'sstiinor,
1050 3748 1135 3806 maxi·

201 3822 286 3892 abab*
299 3831 618 3907 conedrdie'vi‘ric'uluib‘,
644 3829 774 3910 quamtis
793 3825 1135 3908 suapecaoa'imensosque

502 3911 539 3970 7*
