2622 4194
102 345 105 352 ·
167 331 207 392 86
549 327 616 383 'UTI
632 330 710 378 Llllll

167 488 318 547 gressuque
340 471 532 547 impotentium
555 473 729 532 dominorum
749 489 779 529 se
799 470 973 532 amovissent.
1023 471 1101 533 Post·

166 567 250 623 quarn
263 548 339 608 citati
354 569 409 607 non
423 551 635 623 conveniebant,
658 550 764 608 dimissi
784 550 860 606 circa
879 550 975 608 domos
994 552 1100 626 appari·

166 637 249 692 tores,
268 628 351 691 simul
371 629 407 688 ad
426 629 543 704 pignora
572 629 716 703 capienda,
746 627 1008 701 sciscitandumque,
1033 649 1099 687 num

166 703 294 762 consulte
314 707 525 766 detrectarentt
565 706 697 773 referunt,
725 716 852 762 senatum
879 705 908 762 iu
938 707 1010 781 agris
1029 726 1099 766 esse.

165 779 274 838 Laettns
288 784 315 840 id
329 785 494 842 decemviris
508 785 619 856 accidit,
641 782 724 858 quim
747 784 770 840 si
783 794 933 858 presentes
945 785 1099 844 detrectare
1120 805 1134 846 s

165 856 311 933 imperium
331 862 473 920 referrent.
513 862 619 920 debent
638 862 723 918 acciri
743 879 850 932 omneS,
870 873 1049 936 senatumque
1069 863 1099 919 in

165 937 241 994 diem
254 952 394 1013 posterum
407 941 539 1009 edicunt3
563 939 610 1013 qui
623 939 764 1013 aliquanto
778 958 826 1013 spe
839 939 960 1013 ipsorum
974 940 1100 1013 frequen·

164 1013 217 1071 tior
237 1019 384 1078 corruenit:
404 1038 458 1092 quo
472 1018 544 1076 sacto
556 1018 691 1092 proditam
711 1035 728 1074 a
747 1015 875 1073 Patribus
894 1017 971 1090 plebs
990 1017 1100 1075 liberta·

164 1102 221 1148 tem
235 1107 303 1167 rata,
316 1097 388 1170 qudd
402 1097 445 1167 iis,
455 1096 502 1169 qui
513 1096 573 1170 jana
586 1095 745 1170 magistratu
769 1095 899 1160 abissent,
924 1095 1099 1169 privatisque,
1188 1143 1192 1155 .

164 1170 188 1226 si
202 1169 242 1228 vis
256 1173 373 1242 abesset,
388 1185 526 1248 tamquam
547 1173 608 1249 jure
630 1172 803 1248 cogentibus,
825 1184 937 1230 senatus
954 1173 1098 1248 paruisset.
1110 1194 1133 1232 m

157 1285 162 1382 i
202 1327 347 1391 XXXIX.
379 1333 435 1390 Sed
450 1333 538 1408 magis
560 1330 721 1388 obedienter
740 1339 853 1388 ventum
873 1329 902 1386 in
923 1330 1028 1387 curiam
1048 1341 1099 1399 est,
1196 1325 1199 1335 ¹

164 1408 248 1478 quim
268 1409 388 1468 obnoxie
414 1411 503 1468 dictes
523 1409 674 1468 sententias
694 1408 860 1482 accepimus.
909 1407 944 1468 L.
957 1408 1099 1466 Valerium

163 1481 294 1560 Potitum,
308 1488 444 1564 proditum
467 1488 605 1550 memorie
626 1497 677 1553 est,
697 1497 759 1562 post
771 1485 932 1543 relationem
947 1487 1001 1559 Ap.
1016 1486 1099 1542 Clau·
1153 1497 1156 1503 ’

163 1560 213 1634 dii,
226 1567 384 1641 priusquam
394 1566 491 1624 ordine
503 1564 647 1624 sententie
658 1574 829 1638 rogarentur,
843 1563 1007 1637 postulando
1020 1574 1051 1620 ut
1063 1563 1098 1621 de

162 1645 305 1715 republica
318 1644 416 1700 liceret
428 1644 532 1710 dicere,
545 1641 754 1717 prohibentibus
766 1640 912 1698 minaciter
925 1641 1132 1712 decemviris,15

161 1722 333 1790 proditurum
345 1739 374 1776 so
388 1721 423 1777 ad
436 1721 545 1794 plebem
559 1719 778 1787 denuntiantem,
790 1718 938 1775 tumultum
951 1719 1098 1776 excivisse.

162 1791 227 1852 Nec
240 1797 332 1855 mimis
345 1798 472 1854 ferociter
493 1799 531 1856 Μ.
554 1795 702 1858 Horatium
723 1795 871 1854 Barbatum
886 1795 939 1852 isse
962 1796 992 1854 in
1012 1807 1099 1854 certa-

162 1892 238 1942 men,
260 1876 387 1934 “decem
410 1874 603 1950 Tarquinios’'
624 1873 816 1947 appellantem,
837 1873 1096 1948 admonentemque,

162 1951 312 2012 “Valeriis
331 1965 359 2014 et
379 1953 503 2024 Horatiis
523 1952 642 2009 ducibus
661 1950 753 2026 pulsos
772 1969 870 2026 reges:
904 1969 957 2008 nec
977 1953 1098 2010 nominis

163 2027 182 2061 “
193 2033 320 2092 homines
333 2043 390 2089 tum
405 2042 550 2105 pertesum
564 2047 642 2097 csse3
670 2028 770 2103 quippe
790 2048 844 2104 quo
857 2028 954 2088 Jovem
968 2030 1097 2104 appellari
1106 2053 1131 2092 es

162 2106 181 2138 “
193 2111 234 2168 las
247 2110 291 2178 sit,
311 2128 365 2184 quo
379 2109 533 2170 Romulum
555 2106 727 2166 conditorem
750 2107 833 2177 urbis,
858 2107 1044 2183 deincepsque
1057 2127 1099 2166 re-

162 2183 181 2218 “
192 2207 241 2264 ges
264 2188 429 2263 appellatum
459 2187 534 2262 quod
547 2185 632 2248 sacris
652 2183 745 2252 etiam,
768 2196 797 2242 ut
817 2185 940 2252 solenne,
960 2196 1097 2248 retentum

163 2263 236 2324 “sit.
284 2264 448 2341 Superbiens
473 2264 683 2338 violentiamque
703 2273 762 2320 tum
781 2281 892 2337 perosos
912 2263 1003 2339 regis:
1036 2284 1097 2339 quse

163 2341 182 2375 “
193 2345 216 2402 si
237 2345 266 2402 in
287 2363 352 2420 rege
372 2355 431 2404 tum
445 2344 553 2409 eodem,
567 2341 656 2398 autin
670 2341 726 2399 filio
745 2341 829 2415 regis,
844 2342 957 2398 ferenda
969 2361 1025 2401 non
1039 2343 1097 2400 sue·

162 2420 264 2491 “rinta
296 2439 379 2496 quem
399 2421 518 2478 laturum
539 2421 568 2476 in
588 2431 627 2476 tot
646 2417 781 2493 privatisl
822 2419 966 2492 viderent,
986 2439 1032 2488 ne,
1052 2439 1130 2480 vens

162 2497 181 2532 “
192 2500 278 2556 tando
291 2500 320 2556 iu
340 2498 420 2556 curia
438 2498 526 2555 libere
551 2496 678 2554 homines
693 2496 776 2571 loqui,
790 2507 868 2554 extra
888 2499 994 2556 curiam
1013 2498 1096 2556 etiam

162 2573 181 2608 “
192 2586 334 2634 moverent
347 2594 459 2634 vccern:
480 2593 569 2650 neque
582 2593 612 2632 se
633 2573 736 2646 videre,
756 2575 803 2649 qni
817 2575 869 2633 sibi
883 2576 974 2634 minus
993 2576 1097 2652 privato

161 2653 181 2686 “
192 2655 226 2712 ad
241 2653 404 2713 concionem
418 2654 548 2728 populum
562 2671 671 2724 vocare,
684 2653 765 2726 quam
779 2653 833 2710 illis
846 2665 973 2712 senatum
986 2673 1096 2730 cogere,

161 2731 283 2790 “liceat
324 2731 378 2790 Ubi
404 2731 515 2800 vellent,
541 2730 739 2806 experirentur,
760 2729 863 2805 quantb
884 2732 1001 2790 ferocior
1020 2733 1097 2791 dolor
1122 2787 1125 2792 ,

161 2810 316 2870 “libertate
330 2810 382 2868 sud
401 2809 576 2876 vindicandi,
597 2809 680 2883 quam
703 2809 839 2884 cupiditas
852 2810 955 2886 injustia
974 2811 1128 2870 domina-uo

161 2890 181 2924 “
191 2891 276 2957 tione,
290 2897 372 2947 esset.
412 2887 456 2944 De
467 2888 539 2946 bello
553 2887 657 2944 Sabino
670 2906 718 2944 eos
731 2887 832 2952 referre
844 2907 852 2956 ς
879 2899 1019 2963 tamquam
1038 2907 1097 2946 ma·

161 2968 235 3043 “jus
249 2969 334 3026 ullum
348 2966 448 3042 populo
461 2965 591 3024 Romano
612 2964 714 3022 bellum
738 2966 782 3031 sit,
803 2965 885 3041 qudm
903 2985 967 3024 curn
982 2966 1023 3036 iis,
1037 2967 1094 3040 qui,
1136 3009 1140 3014 .

161 3045 285 3120 “legum
299 3045 473 3104 ferendarum
496 3048 580 3102 causei
600 3043 696 3111 creati,
711 3043 779 3102 nihil
788 3043 857 3119 juris
877 3043 905 3100 in
924 3043 1034 3106 civitate
1054 3062 1096 3100 re«

161 3125 181 3162 “
192 3122 336 3195 liquerint;
356 3123 403 3197 qui
417 3122 538 3193 comitia,
552 3121 599 3196 qni
614 3139 722 3178 annuos
734 3118 917 3196 magistratus,
931 3121 977 3195 qui
991 3120 1095 3178 vicissie

160 3200 314 3266 “tudinem
329 3200 503 3275 imperitandi
517 3199 602 3275 (quod
617 3217 702 3256 unum
716 3199 935 3274 exaequandaesit
948 3199 1128 3278 libertatis)sc
1151 3209 1154 3218 ’

161 3281 180 3318 “
192 3277 372 3346 sustulerint3
392 3279 439 3352 qui
452 3279 549 3354 privati
563 3277 652 3334 fasces
671 3287 700 3334 et
719 3278 825 3352 regium
847 3277 990 3352 imperium
1011 3277 1095 3334 habe·

161 3361 180 3395 “
192 3367 247 3416 ant.
296 3355 404 3422 Fuisse,
419 3357 530 3432 regibus
543 3355 658 3422 exectis,
671 3355 801 3429 patricios
821 3357 995 3432 magistratus
1017 3373 1094 3413 crea·

162 3441 182 3482 ί*
192 3447 254 3504 tos3
274 3444 376 3510 postea,
391 3445 451 3508 post
463 3433 649 3494 secessionem
672 3433 768 3507 plebis,
783 3433 912 3510 plebejos.
952 3433 1041 3508 Cujus
1054 3433 1093 3490 illi

161 3514 276 3589 “partis
299 3512 437 3577 essentl’'
457 3512 583 3588 rogitare.
622 3511 823 3585 “Popularest
857 3512 921 3586 quid
951 3512 1026 3570 enim
1046 3529 1093 3570 eos

162 3594 181 3632 “
191 3609 239 3665 per
258 3590 389 3668 populum
409 3590 521 3663 egisset
560 3589 735 3664 Optimatesl
767 3590 814 3665 qui
839 3609 912 3648 anuo
929 3590 986 3666 jam
1006 3591 1125 3668 propen

162 3671 319 3728 “senatum
332 3686 388 3726 non
402 3667 564 3736 habuerint,
585 3678 652 3724 tunc
666 3668 704 3724 ita
717 3668 846 3736 habeant,
861 3680 891 3725 nt
903 3669 938 3726 de
952 3669 1092 3745 republica

160 3749 181 3800 rt
192 3745 266 3820 loqui
278 3745 461 3824 prohibeant?
500 3744 546 3807 Nc
559 3745 675 3812 nimium
696 3745 725 3805 iu
746 3756 820 3804 metu
834 3746 925 3809 alieno
937 3749 996 3826 spei
1009 3741 1093 3825 pones
