2620 4200
161 378 222 440 m)
545 367 612 428 Tl'l'i
627 369 711 428 mvn

164 529 246 582 sunt:
266 516 389 593 adadque
401 525 487 588 marn
501 518 599 576 urbem
616 518 737 594 oppleuit
757 517 860 590 luctus,
884 527 916 575 ut
928 529 1039 576 sacrum
1053 530 1102 576 an·
1143 527 1267 605 ἰῷ...

164 597 346 658 niversarium
369 596 481 654 Cereris
499 597 687 654 intermissum
702 598 754 665 sit,
787 597 852 670 quia
874 596 970 654 nacla
1009 595 1047 652 nt‘
1071 567 1136 654 usl‘

165 677 194 734 id
208 676 300 734 lacere
319 674 425 748 estias,
440 694 494 732 neo
509 675 563 732 ulla
577 676 605 734 in
619 676 667 734 illri
680 685 845 750 tempestate
865 686 991 733 matrona
1004 693 1103 749 expers

163 754 255 834 lpctda
268 743 503 828 lucrandisque,
513 773 548 811 ne
562 754 598 811 ob
612 755 739 811 eamdem
750 773 864 813 causam
876 753 929 810 alia
938 770 1047 827 quoque
1060 771 1103 808 sa·

166 851 215 890 ora
227 831 340 908 publica
352 841 401 888 aut
413 832 517 906 privata
577 844 730 902 ererentur,
745 831 996 889 senatusconsulto
1004 829 1102 887 diebus
1124 843 1141 883 a

82 919 87 934 ’
165 911 279 986 triginta
297 911 390 968 luctus
410 921 453 968 est
470 909 518 968 iini
567 903 600 969 ,l'
621 910 770 978 cererin,
794 929 890 985 quum,
912 910 1007 966 sedato
1027 909 1103 965 urbis

165 987 295 1061 tumultu,
309 990 430 1046 revocati
443 988 473 1045 in
486 989 593 1046 curiam
618 989 714 1046 Patres
733 1000 837 1056 essent,
861 989 922 1046 alic
943 987 1055 1061 insuper
1068 1005 1104 1044 ex

164 1067 264 1126 steina
277 1066 364 1124 literae
377 1065 467 1124 allatas
488 1068 601 1125 suntab
615 1067 652 1124 T.
666 1068 789 1125 Otacilio
810 1077 983 1142 propraetore,
999 1075 1017 1102 ‘⁶
1027 1065 1104 1140 Reg-

166 1153 262 1202 “uum
277 1145 409 1204 Hieronis
423 1145 512 1202 classe
526 1145 633 1204 Punica
647 1145 766 1204 vastari:
796 1145 843 1202 cui
860 1163 946 1219 quum
958 1161 1039 1220 opem
1053 1143 1104 1200 im·

166 1223 311 1300 “ploranti
326 1223 397 1280 serra
411 1224 503 1290 vellet,
517 1224 675 1284 nuntiatum
689 1225 742 1282 sibi
756 1243 826 1294 esse,
841 1223 923 1281 aliam
936 1221 1053 1280 classem
1068 1219 1103 1278 ad
1114 1233 1140 1275 ro

166 1310 185 1338 ‘⁴
196 1301 313 1378 AEgates
326 1302 431 1360 insulas
444 1313 526 1370 stare,
543 1314 666 1378 paratam
690 1304 908 1376 instructamque
919 1321 926 1370 ;
957 1310 997 1366 ut,
1011 1299 1060 1358 ubi
1073 1318 1104 1357 se

167 1388 302 1438 “versum
317 1381 499 1438 adtuendam
523 1382 728 1456 Syracusanam
751 1399 826 1439 oram
848 1379 929 1437 Poeni
942 1378 1104 1450 sensissent,

166 1468 186 1496 “
198 1459 352 1534 Lilybaeum
365 1453 504 1534 extemplo
522 1461 748 1535 provinciamque
772 1460 855 1517 aliam
878 1458 1036 1516 Romanam
1057 1473 1105 1531 ag-

168 1538 396 1614 “graderentur:
430 1538 521 1612 itaque
545 1538 634 1598 classe
656 1558 726 1614 opus
745 1557 818 1610 esse,
837 1537 861 1594 si
880 1547 975 1612 regem
996 1534 1103 1592 socium

167 1617 377 1691 “Siciliamque
390 1617 462 1674 tueri
476 1617 604 1674 vellent.''
1114 1625 1142 1666 ts

206 1768 300 1829 LVII.
330 1769 432 1828 Literis
445 1771 568 1830 consulis
579 1771 807 1848 propraetorisque
827 1771 916 1842 lectis,
938 1763 978 1828 nt.
992 1769 1106 1827 Claudi·

167 1868 226 1921 um,
239 1851 286 1924 qui
300 1849 382 1906 classi
396 1849 431 1906 ad
445 1849 555 1908 Ostiam
569 1842 653 1908 stanti
666 1861 808 1926 praesset,
831 1850 988 1908 Canusium
1011 1849 1046 1906 ad
1059 1867 1106 1906 ex·

167 1929 286 1988 ercitum
300 1927 476 2000 mittendum,
490 1929 724 2003 scribendumque
748 1929 865 2001 consuli,
885 1938 925 1995 ut,
939 1946 1024 2002 quum
1038 1945 1106 2001 prae·

168 2009 220 2076 tori
233 2009 386 2066 exercitum
401 2007 567 2079 tradidisset,
581 2007 670 2083 primo
689 2027 798 2084 quoque
820 2018 953 2082 tempore,
967 2006 1104 2080 quantum

205 2105 217 2142 r
245 2086 422 2144 commodum
450 2086 610 2160 reipublice
633 2085 692 2143 lieri
713 2097 815 2162 posset,
841 2086 963 2143 Romam
989 2084 1142 2140 veniratao

168 2105 275 2222 ll'eerriti
287 2163 371 2221 etiarn
395 2182 477 2239 super
498 2174 589 2223 tantas
610 2164 714 2233 clades,
736 2184 821 2239 quum
834 2164 943 2222 ceteris
963 2162 1106 2237 prodigiis,

168 2251 228 2300 tam
248 2241 322 2316 qudd
347 2241 410 2300 dua
431 2243 559 2300 Vestales
578 2262 613 2302 eo
625 2262 709 2316 anno,
730 2242 844 2318 Opimia
863 2257 944 2316 atque
965 2241 1105 2313 Floronia,

169 2320 257 2394 stupri
277 2331 435 2396 comperta,
449 2332 478 2379 et
491 2321 577 2380 altera
590 2322 642 2380 sub
655 2324 737 2395 terri,
761 2332 791 2380 ut
813 2315 873 2379 mos
886 2332 938 2387 est,
952 2321 987 2376 ad
1001 2329 1108 2395 portam

170 2399 309 2458 Collinam
323 2399 534 2478 necatafuerat,
549 2401 636 2458 altera
649 2401 760 2458 sibimet
783 2400 843 2476 ipsa
863 2409 979 2457 mortem
1000 2397 1109 2456 consci-

170 2488 253 2538 verat
294 2476 327 2533 L.
347 2476 494 2549 Cantilius,
515 2479 607 2536 scriba
623 2479 763 2555 pontilicis
787 2477 868 2554 (quos
889 2495 966 2534 nunc
988 2477 1145 2534 minorasse

169 2551 317 2630 pontifices
330 2555 492 2649 appellant),
512 2557 640 2630 quicum
663 2557 794 2614 Floronia
810 2569 936 2631 stuprum
957 2555 1071 2626 facerat,
1091 2571 1109 2610 a

170 2631 301 2708 pontifice
315 2632 436 2688 maximo
449 2653 484 2689 eo
505 2651 591 2708 usque
613 2635 696 2710 virgis
710 2635 738 2691 iu
759 2633 872 2692 comitio
892 2653 983 2691 cresus
995 2644 1061 2702 erat,
1078 2641 1109 2688 ut

170 2709 243 2769 inter
263 2709 378 2766 verbera
387 2711 549 2784 exspiraret.
590 2711 654 2770 Hoc
668 2711 746 2770 naias
758 2725 844 2786 quum
859 2713 930 2770 inter
953 2723 1002 2780 tot,
1023 2721 1054 2767 ut
1067 2709 1107 2776 lit,

171 2789 266 2848 clades
286 2789 316 2846 in
339 2788 496 2864 prodigium
520 2806 629 2848 versum
652 2801 735 2863 esset,
756 2791 907 2849 decemviri
929 2791 1012 2848 libros
1033 2788 1110 2846 adira

167 2863 239 2944 jussi
253 2878 326 2926 suut.
367 2867 404 2926 Et
415 2867 455 2928 Q.
470 2867 575 2926 Fabius
588 2869 680 2928 Pictor
695 2868 818 2945 Delphos
841 2871 876 2928 ad
890 2869 1034 2928 oraculum
1047 2867 1146 2924 mis-ao

171 2967 219 3006 sus
232 2957 274 3004 est
288 2946 468 3017 sciscitatum,
483 2947 583 3021 quibus
595 2949 726 3024 precibus
749 2949 946 3025 suppliciisque
959 2947 1035 3002 Deos
1048 2964 1112 3018 pos·

171 3024 368 3100 sentplucar'e,
389 3036 417 3083 et
439 3043 566 3100 quaenam
590 3025 682 3084 sutura
705 3027 768 3084 finis
787 3028 872 3084 tantis
890 3024 1016 3082 cladibus
1030 3021 1110 3078 soret.

171 3101 289 3162 Interim
310 3123 347 3162 ex
368 3103 497 3162 fatalibus
519 3104 597 3164 libris
609 3104 747 3162 sacrilicia
767 3105 870 3180 aliquot
892 3098 1110 3160 entraordmaria

173 3175 265 3249 sacta;
291 3183 437 3258 interque
450 3182 548 3240 Gallus
561 3195 589 3240 et
599 3183 690 3254 Galla,
700 3183 816 3241 Grecos
828 3194 856 3240 ot
872 3182 981 3251 Graeca,
995 3178 1023 3236 in
1036 3177 1110 3236 Foro

172 3257 273 3318 Boario
286 3260 337 3316 sub
351 3263 422 3318 terri
436 3261 489 3318 vivi
502 3262 615 3318 demissi
628 3272 693 3318 sunt
706 3261 734 3319 iu
749 3263 841 3320 lomim
853 3279 924 3318 saxo
933 3267 1108 3332 conseptum,
1118 3267 1147 3313 as

171 3336 229 3414 jam
243 3336 307 3396 ante
321 3339 417 3396 hostiis
430 3340 570 3412 humanis,
589 3340 706 3414 minime,
716 3341 846 3398 Romano
858 3350 948 3410 sacro,-
962 3335 1109 3394 imbutum.

173 3415 295 3474 Placatis
308 3416 385 3488 satis,
399 3428 429 3475 ut
441 3419 583 3490 rebantur,
595 3417 673 3490 Deis,
695 3415 736 3476 Μ.
750 3418 884 3476 Claudius
905 3413 1057 3474 Marcellus
1074 3414 1110 3470 ab

173 3491 256 3552 ostia
271 3487 345 3552 milla
358 3505 387 3552 et
398 3496 565 3572 quingentos
578 3497 689 3563 milites,
711 3517 779 3571 quos
802 3497 832 3554 in
854 3496 973 3553 classem
993 3491 1113 3568 scriptos

174 3571 303 3644 babebat,
318 3573 449 3645 Romam,
463 3585 494 3632 ut
506 3574 568 3631 urbi
581 3575 709 3651 prasidio
718 3587 821 3642 essent,
836 3574 934 3642 mittit;v
961 3573 1029 3648 ipse,
1042 3570 1111 3646 legi·

174 3666 229 3706 ane
243 3651 339 3730 classis
363 3649 411 3727 (aa
422 3653 504 3710 tertia
515 3652 589 3727 legio
602 3656 674 3730 erat)
696 3673 761 3712 cmn
781 3653 900 3711 tribunis
920 3651 1040 3709 militum
1054 3649 1147 3706 Tre-td

175 3743 261 3785 anum
276 3729 433 3789 Sidicinum
455 3731 605 3805 premisse,
630 3731 719 3790 classe
744 3731 845 3790 traditi
868 3731 898 3788 Ρ.
923 3729 1010 3788 Furio
1032 3727 1112 3786 Philo

171 3801 302 3882 ¹collecte,
313 3826 417 3884 paucos
431 3823 491 3887 post
503 3807 563 3866 dies
581 3809 737 3868 Canusium
757 3809 870 3887 magnis*
889 3808 1034 3868 itineribus
1046 3821 1114 3864 conv
