<?xml version="1.0" encoding="UTF-8"?>
<!DOCTYPE html PUBLIC "-//W3C//DTD XHTML 1.0 Transitional//EN"
    "http://www.w3.org/TR/xhtml1/DTD/xhtml1-transitional.dtd">
<html xmlns="http://www.w3.org/1999/xhtml" xml:lang="en" lang="en">
 <head>
  <title>
</title>
<meta http-equiv="Content-Type" content="text/html;charset=utf-8" />
  <meta name='ocr-system' content='tesseract 3.04.00' />
  <meta name='ocr-capabilities' content='ocr_page ocr_carea ocr_par ocr_line ocrx_word'/>
</head>
<body>
  <div class='ocr_page' id='page_1' title='image "./historiarumetse04livygoog_0283.png"; bbox 0 0 2620 4200; ppageno 0'>
   <div class='ocr_carea' id='block_1_1' title="bbox 165 345 722 420">
    <p class='ocr_par' dir='ltr' id='par_1_1' title="bbox 165 345 722 420">
     <span class='ocr_line' id='line_1_1' title="bbox 165 345 722 420; baseline -0.009 -15"><span class='ocrx_word' id='word_1_1' title='bbox 165 356 224 420; x_wconf 64' lang='lat' dir='ltr'>mo</span> <span class='ocrx_word' id='word_1_2' title='bbox 557 345 722 404; x_wconf 79' lang='lat' dir='ltr'>urrann</span> 
     </span>
    </p>
   </div>
   <div class='ocr_carea' id='block_1_2' title="bbox 163 488 1139 1584">
    <p class='ocr_par' dir='ltr' id='par_1_2' title="bbox 163 488 1139 1508">
     <span class='ocr_line' id='line_1_2' title="bbox 168 488 1139 572; baseline -0.001 -18"><span class='ocrx_word' id='word_1_3' title='bbox 168 501 383 572; x_wconf 79' lang='lat' dir='ltr'>“‘grrentorre,</span> <span class='ocrx_word' id='word_1_4' title='bbox 409 507 508 550; x_wconf 80' lang='lat' dir='ltr'>curare</span> <span class='ocrx_word' id='word_1_5' title='bbox 528 491 640 550; x_wconf 83' lang='lat' dir='ltr'>docuit’</span> <span class='ocrx_word' id='word_1_6' title='bbox 681 490 801 566; x_wconf 83' lang='lat' dir='ltr'>Majores</span> <span class='ocrx_word' id='word_1_7' title='bbox 823 489 907 553; x_wconf 78' lang='lat' dir='ltr'><strong>nostri</strong></span> <span class='ocrx_word' id='word_1_8' title='bbox 927 488 1041 560; x_wconf 86' lang='lat' dir='ltr'>nullum,</span> <span class='ocrx_word' id='word_1_9' title='bbox 1061 511 1101 554; x_wconf 79' lang='lat' dir='ltr'>ue</span> <span class='ocrx_word' id='word_1_10' title='bbox 1138 507 1139 512; x_wconf 73' lang='grc'>’</span> 
     </span>
     <span class='ocr_line' id='line_1_3' title="bbox 167 569 1100 650; baseline -0.003 -17"><span class='ocrx_word' id='word_1_11' title='bbox 167 575 324 650; x_wconf 80' lang='lat' dir='ltr'>“privatam</span> <span class='ocrx_word' id='word_1_12' title='bbox 337 571 456 646; x_wconf 87' lang='lat' dir='ltr'>quidem,</span> <span class='ocrx_word' id='word_1_13' title='bbox 471 589 529 628; x_wconf 90' lang='lat' dir='ltr'>rem</span> <span class='ocrx_word' id='word_1_14' title='bbox 542 589 625 644; x_wconf 82' lang='lat' dir='ltr'>agere</span> <span class='ocrx_word' id='word_1_15' title='bbox 638 569 764 629; x_wconf 79' lang='lat' dir='ltr'>soemiurs</span> <span class='ocrx_word' id='word_1_16' title='bbox 787 570 847 630; x_wconf 86' lang='lat' dir='ltr'>siue</span> <span class='ocrx_word' id='word_1_17' title='bbox 870 580 993 637; x_wconf 84' lang='lat' dir='ltr'>auctore,</span> <span class='ocrx_word' id='word_1_18' title='bbox 1008 571 1100 630; x_wconf 87' lang='lat' dir='ltr'>volue-</span> 
     </span>
     <span class='ocr_line' id='line_1_4' title="bbox 167 647 1099 723; baseline -0.003 -14"><span class='ocrx_word' id='word_1_19' title='bbox 167 658 275 718; x_wconf 66' lang='lat' dir='ltr'>“ruatt</span> <span class='ocrx_word' id='word_1_20' title='bbox 296 650 324 706; x_wconf 91' lang='lat' dir='ltr'>iu</span> <span class='ocrx_word' id='word_1_21' title='bbox 338 668 422 708; x_wconf 83' lang='lat' dir='ltr'>mauu</span> <span class='ocrx_word' id='word_1_22' title='bbox 432 668 494 706; x_wconf 70' lang='lat' dir='ltr'>esse</span> <span class='ocrx_word' id='word_1_23' title='bbox 507 648 658 722; x_wconf 78' lang='lat' dir='ltr'>pareutbm,</span> <span class='ocrx_word' id='word_1_24' title='bbox 672 647 793 718; x_wconf 77' lang='lat' dir='ltr'>fratrum,</span> <span class='ocrx_word' id='word_1_25' title='bbox 818 649 944 706; x_wconf 88' lang='lat' dir='ltr'>virorum.</span> <span class='ocrx_word' id='word_1_26' title='bbox 985 647 1045 706; x_wconf 87' lang='lat' dir='ltr'>Noe</span> <span class='ocrx_word' id='word_1_27' title='bbox 1060 648 1099 723; x_wconf 77' lang='lat' dir='ltr'>(ei</span> 
     </span>
     <span class='ocr_line' id='line_1_5' title="bbox 166 723 1099 805; baseline -0.003 -19"><span class='ocrx_word' id='word_1_28' title='bbox 166 729 255 786; x_wconf 86' lang='lat' dir='ltr'>“Diis</span> <span class='ocrx_word' id='word_1_29' title='bbox 280 727 383 805; x_wconf 77' lang='lat' dir='ltr'>placet)</span> <span class='ocrx_word' id='word_1_30' title='bbox 412 727 468 802; x_wconf 76' lang='lat' dir='ltr'>jaun</span> <span class='ocrx_word' id='word_1_31' title='bbox 483 727 565 784; x_wconf 83' lang='lat' dir='ltr'>etium</span> <span class='ocrx_word' id='word_1_32' title='bbox 586 725 782 800; x_wconf 77' lang='lat' dir='ltr'><strong>rempublicam</strong></span> <span class='ocrx_word' id='word_1_33' title='bbox 804 723 947 802; x_wconf 74' lang='lat' dir='ltr'>oepessere</span> <span class='ocrx_word' id='word_1_34' title='bbox 968 744 1016 784; x_wconf 87' lang='lat' dir='ltr'>eas</span> <span class='ocrx_word' id='word_1_35' title='bbox 1029 727 1099 800; x_wconf 83' lang='lat' dir='ltr'>pati·</span> 
     </span>
     <span class='ocr_line' id='line_1_6' title="bbox 165 804 1134 879; baseline 0 -17"><span class='ocrx_word' id='word_1_36' title='bbox 165 812 184 844; x_wconf 82' lang='lat'>“</span> <span class='ocrx_word' id='word_1_37' title='bbox 193 827 263 877; x_wconf 90' lang='lat' dir='ltr'>mur,</span> <span class='ocrx_word' id='word_1_38' title='bbox 276 817 304 862; x_wconf 90' lang='lat' dir='ltr'>et</span> <span class='ocrx_word' id='word_1_39' title='bbox 318 805 376 863; x_wconf 84' lang='lat' dir='ltr'>soro</span> <span class='ocrx_word' id='word_1_40' title='bbox 390 804 483 879; x_wconf 71' lang='lat' dir='ltr'>propri,</span> <span class='ocrx_word' id='word_1_41' title='bbox 498 817 526 861; x_wconf 88' lang='lat' dir='ltr'>et</span> <span class='ocrx_word' id='word_1_42' title='bbox 539 804 730 870; x_wconf 81' lang='lat' dir='ltr'>concionibus,</span> <span class='ocrx_word' id='word_1_43' title='bbox 753 816 781 860; x_wconf 89' lang='lat' dir='ltr'>et</span> <span class='ocrx_word' id='word_1_44' title='bbox 804 805 923 862; x_wconf 85' lang='lat' dir='ltr'>comitiis</span> <span class='ocrx_word' id='word_1_45' title='bbox 937 804 1134 870; x_wconf 57' lang='lat' dir='ltr'>immiscerm</span> 
     </span>
     <span class='ocr_line' id='line_1_7' title="bbox 165 881 1095 957; baseline -0.005 -12"><span class='ocrx_word' id='word_1_46' title='bbox 165 885 271 945; x_wconf 76' lang='lat' dir='ltr'>“Quid</span> <span class='ocrx_word' id='word_1_47' title='bbox 285 883 359 944; x_wconf 86' lang='lat' dir='ltr'>enirn</span> <span class='ocrx_word' id='word_1_48' title='bbox 373 901 449 942; x_wconf 90' lang='lat' dir='ltr'>uuuc</span> <span class='ocrx_word' id='word_1_49' title='bbox 462 883 537 940; x_wconf 85' lang='lat' dir='ltr'>aliud</span> <span class='ocrx_word' id='word_1_50' title='bbox 558 901 605 956; x_wconf 91' lang='lat' dir='ltr'>per</span> <span class='ocrx_word' id='word_1_51' title='bbox 627 882 684 938; x_wconf 83' lang='lat' dir='ltr'>vias</span> <span class='ocrx_word' id='word_1_52' title='bbox 707 892 735 938; x_wconf 89' lang='lat' dir='ltr'>et</span> <span class='ocrx_word' id='word_1_53' title='bbox 754 883 874 957; x_wconf 85' lang='lat' dir='ltr'>compita</span> <span class='ocrx_word' id='word_1_54' title='bbox 887 881 1000 952; x_wconf 83' lang='lat' dir='ltr'>faciunt,</span> <span class='ocrx_word' id='word_1_55' title='bbox 1014 881 1095 956; x_wconf 79' lang='lat' dir='ltr'>qurirn</span> 
     </span>
     <span class='ocr_line' id='line_1_8' title="bbox 165 959 1097 1038; baseline -0.002 -18"><span class='ocrx_word' id='word_1_56' title='bbox 165 963 348 1038; x_wconf 84' lang='lat' dir='ltr'>“rogationes</span> <span class='ocrx_word' id='word_1_57' title='bbox 371 961 542 1018; x_wconf 89' lang='lat' dir='ltr'>tribunorum</span> <span class='ocrx_word' id='word_1_58' title='bbox 565 959 653 1034; x_wconf 89' lang='lat' dir='ltr'>plebis</span> <span class='ocrx_word' id='word_1_59' title='bbox 676 961 801 1026; x_wconf 79' lang='lat' dir='ltr'>suadent,</span> <span class='ocrx_word' id='word_1_60' title='bbox 825 961 886 1018; x_wconf 79' lang='lat' dir='ltr'>aliae</span> <span class='ocrx_word' id='word_1_61' title='bbox 907 961 1000 1034; x_wconf 85' lang='lat' dir='ltr'>legem</span> <span class='ocrx_word' id='word_1_62' title='bbox 1020 960 1097 1018; x_wconf 56' lang='lat' dir='ltr'>abror</span> 
     </span>
     <span class='ocr_line' id='line_1_9' title="bbox 165 1037 1097 1114; baseline -0.001 -18"><span class='ocrx_word' id='word_1_63' title='bbox 165 1041 311 1114; x_wconf 79' lang='lat' dir='ltr'>“gandam</span> <span class='ocrx_word' id='word_1_64' title='bbox 334 1041 475 1098; x_wconf 73' lang='lat' dir='ltr'>censenti</span> <span class='ocrx_word' id='word_1_65' title='bbox 515 1037 587 1095; x_wconf 82' lang='lat' dir='ltr'>Dete</span> <span class='ocrx_word' id='word_1_66' title='bbox 607 1037 698 1096; x_wconf 83' lang='lat' dir='ltr'>frenos</span> <span class='ocrx_word' id='word_1_67' title='bbox 719 1038 861 1112; x_wconf 83' lang='lat' dir='ltr'>impotenti</span> <span class='ocrx_word' id='word_1_68' title='bbox 874 1048 987 1106; x_wconf 79' lang='lat' dir='ltr'>nature,</span> <span class='ocrx_word' id='word_1_69' title='bbox 1008 1048 1036 1094; x_wconf 90' lang='lat' dir='ltr'>et</span> <span class='ocrx_word' id='word_1_70' title='bbox 1054 1039 1097 1096; x_wconf 86' lang='lat' dir='ltr'>iu-</span> 
     </span>
     <span class='ocr_line' id='line_1_10' title="bbox 164 1115 1098 1190; baseline -0.003 -15"><span class='ocrx_word' id='word_1_71' title='bbox 164 1119 295 1178; x_wconf 73' lang='lat' dir='ltr'>“domito</span> <span class='ocrx_word' id='word_1_72' title='bbox 315 1117 446 1184; x_wconf 84' lang='lat' dir='ltr'>animali3</span> <span class='ocrx_word' id='word_1_73' title='bbox 463 1127 495 1174; x_wconf 87' lang='lat' dir='ltr'>et</span> <span class='ocrx_word' id='word_1_74' title='bbox 513 1125 630 1190; x_wconf 83' lang='lat' dir='ltr'>sperate,</span> <span class='ocrx_word' id='word_1_75' title='bbox 651 1117 724 1190; x_wconf 85' lang='lat' dir='ltr'>ipses</span> <span class='ocrx_word' id='word_1_76' title='bbox 744 1117 856 1175; x_wconf 88' lang='lat' dir='ltr'>mudum</span> <span class='ocrx_word' id='word_1_77' title='bbox 876 1115 996 1174; x_wconf 82' lang='lat' dir='ltr'>licentiae</span> <span class='ocrx_word' id='word_1_78' title='bbox 1009 1115 1098 1174; x_wconf 81' lang='lat' dir='ltr'>sactu·</span> 
     </span>
     <span class='ocr_line' id='line_1_11' title="bbox 165 1194 1131 1268; baseline -0.002 -16"><span class='ocrx_word' id='word_1_79' title='bbox 165 1201 245 1262; x_wconf 79' lang='lat' dir='ltr'>“ras,</span> <span class='ocrx_word' id='word_1_80' title='bbox 267 1196 320 1252; x_wconf 88' lang='lat' dir='ltr'>nisi</span> <span class='ocrx_word' id='word_1_81' title='bbox 347 1215 393 1252; x_wconf 87' lang='lat' dir='ltr'>vos</span> <span class='ocrx_word' id='word_1_82' title='bbox 414 1195 541 1251; x_wconf 82' lang='lat' dir='ltr'>faceritis.</span> <span class='ocrx_word' id='word_1_83' title='bbox 601 1194 748 1250; x_wconf 85' lang='lat' dir='ltr'>Minimum</span> <span class='ocrx_word' id='word_1_84' title='bbox 769 1195 823 1250; x_wconf 93' lang='lat' dir='ltr'>hoc</span> <span class='ocrx_word' id='word_1_85' title='bbox 849 1213 945 1252; x_wconf 89' lang='lat' dir='ltr'>eorum</span> <span class='ocrx_word' id='word_1_86' title='bbox 964 1204 1015 1264; x_wconf 87' lang='lat' dir='ltr'>est,</span> <span class='ocrx_word' id='word_1_87' title='bbox 1035 1203 1131 1268; x_wconf 85' lang='lat' dir='ltr'>qure1⁰</span> 
     </span>
     <span class='ocr_line' id='line_1_12' title="bbox 163 1271 1098 1348; baseline -0.001 -17"><span class='ocrx_word' id='word_1_88' title='bbox 163 1279 183 1311; x_wconf 75' lang='lat'>‘⁴</span> <span class='ocrx_word' id='word_1_89' title='bbox 193 1275 287 1348; x_wconf 91' lang='lat' dir='ltr'>iniquo</span> <span class='ocrx_word' id='word_1_90' title='bbox 300 1275 392 1330; x_wconf 79' lang='lat' dir='ltr'>animo</span> <span class='ocrx_word' id='word_1_91' title='bbox 406 1273 525 1328; x_wconf 82' lang='lat' dir='ltr'>foerniuae</span> <span class='ocrx_word' id='word_1_92' title='bbox 539 1271 590 1328; x_wconf 88' lang='lat' dir='ltr'>sibi</span> <span class='ocrx_word' id='word_1_93' title='bbox 602 1284 649 1328; x_wconf 89' lang='lat' dir='ltr'>aut</span> <span class='ocrx_word' id='word_1_94' title='bbox 662 1273 783 1328; x_wconf 86' lang='lat' dir='ltr'>moribus</span> <span class='ocrx_word' id='word_1_95' title='bbox 792 1283 839 1329; x_wconf 84' lang='lat' dir='ltr'>aut</span> <span class='ocrx_word' id='word_1_96' title='bbox 852 1272 958 1346; x_wconf 85' lang='lat' dir='ltr'>legibus</span> <span class='ocrx_word' id='word_1_97' title='bbox 972 1271 1098 1346; x_wconf 81' lang='lat' dir='ltr'>injuncta</span> 
     </span>
     <span class='ocr_line' id='line_1_13' title="bbox 164 1349 1097 1428; baseline -0.003 -18"><span class='ocrx_word' id='word_1_98' title='bbox 164 1353 342 1428; x_wconf 69' lang='lat' dir='ltr'>“patiuntur</span> <span class='ocrx_word' id='word_1_99' title='bbox 376 1351 524 1409; x_wconf 87' lang='lat' dir='ltr'>&#39;Omnium</span> <span class='ocrx_word' id='word_1_100' title='bbox 548 1367 640 1406; x_wconf 90' lang='lat' dir='ltr'>rerum</span> <span class='ocrx_word' id='word_1_101' title='bbox 663 1349 827 1416; x_wconf 87' lang='lat' dir='ltr'>libertatem,</span> <span class='ocrx_word' id='word_1_102' title='bbox 851 1351 937 1406; x_wconf 89' lang='lat' dir='ltr'>immo</span> <span class='ocrx_word' id='word_1_103' title='bbox 954 1349 1097 1408; x_wconf 76' lang='lat' dir='ltr'>licentiam</span> 
     </span>
     <span class='ocr_line' id='line_1_14' title="bbox 163 1425 1096 1508; baseline -0.003 -20"><span class='ocrx_word' id='word_1_104' title='bbox 163 1430 413 1508; x_wconf 62' lang='lat' dir='ltr'>“revendicare</span> <span class='ocrx_word' id='word_1_105' title='bbox 428 1429 574 1504; x_wconf 85' lang='lat' dir='ltr'>volumus),</span> <span class='ocrx_word' id='word_1_106' title='bbox 586 1428 755 1502; x_wconf 81' lang='lat' dir='ltr'>desiderant.</span> <span class='ocrx_word' id='word_1_107' title='bbox 794 1425 874 1490; x_wconf 74' lang='lat' dir='ltr'>Quid</span> <span class='ocrx_word' id='word_1_108' title='bbox 898 1428 982 1494; x_wconf 88' lang='lat' dir='ltr'>enirn,</span> <span class='ocrx_word' id='word_1_109' title='bbox 1006 1427 1029 1484; x_wconf 91' lang='lat' dir='ltr'>si</span> <span class='ocrx_word' id='word_1_110' title='bbox 1043 1428 1096 1485; x_wconf 85' lang='lat' dir='ltr'>hoc</span> 
     </span>
    </p>

    <p class='ocr_par' dir='ltr' id='par_1_3' title="bbox 164 1505 667 1584">
     <span class='ocr_line' id='line_1_15' title="bbox 164 1505 667 1584; baseline -0.014 -17"><span class='ocrx_word' id='word_1_111' title='bbox 164 1514 183 1546; x_wconf 82' lang='lat'><strong>“</strong></span> <span class='ocrx_word' id='word_1_112' title='bbox 192 1507 416 1584; x_wconf 77' lang='lat' dir='ltr'>expugnaverint,</span> <span class='ocrx_word' id='word_1_113' title='bbox 430 1525 486 1564; x_wconf 89' lang='lat' dir='ltr'>non</span> <span class='ocrx_word' id='word_1_114' title='bbox 499 1505 645 1563; x_wconf 84' lang='lat' dir='ltr'>tentabunt</span> <span class='ocrx_word' id='word_1_115' title='bbox 657 1507 667 1560; x_wconf 84' lang='lat' dir='ltr'>l</span> 
     </span>
    </p>
   </div>
   <div class='ocr_carea' id='block_1_3' title="bbox 161 1662 1128 1894">
    <p class='ocr_par' dir='ltr' id='par_1_4' title="bbox 161 1662 1128 1894">
     <span class='ocr_line' id='line_1_16' title="bbox 202 1662 1128 1740; baseline -0.002 -18"><span class='ocrx_word' id='word_1_116' title='bbox 202 1666 257 1722; x_wconf 91' lang='lat' dir='ltr'><strong>III.</strong></span> <span class='ocrx_word' id='word_1_117' title='bbox 276 1670 297 1702; x_wconf 72' lang='lat'>‘⁶</span> <span class='ocrx_word' id='word_1_118' title='bbox 308 1667 465 1723; x_wconf 86' lang='lat' dir='ltr'>Recensete</span> <span class='ocrx_word' id='word_1_119' title='bbox 478 1664 571 1721; x_wconf 84' lang='lat' dir='ltr'>omnia</span> <span class='ocrx_word' id='word_1_120' title='bbox 584 1664 729 1721; x_wconf 87' lang='lat' dir='ltr'>muliebria</span> <span class='ocrx_word' id='word_1_121' title='bbox 749 1665 820 1740; x_wconf 89' lang='lat' dir='ltr'>jura,</span> <span class='ocrx_word' id='word_1_122' title='bbox 843 1666 942 1738; x_wconf 89' lang='lat' dir='ltr'>quibus</span> <span class='ocrx_word' id='word_1_123' title='bbox 955 1662 1096 1721; x_wconf 81' lang='lat' dir='ltr'>licentiam</span> <span class='ocrx_word' id='word_1_124' title='bbox 1105 1674 1128 1712; x_wconf 82' lang='lat'>1⁵</span> 
     </span>
     <span class='ocr_line' id='line_1_17' title="bbox 162 1742 1097 1817; baseline -0.001 -18"><span class='ocrx_word' id='word_1_125' title='bbox 162 1747 285 1800; x_wconf 86' lang='lat' dir='ltr'>“earum</span> <span class='ocrx_word' id='word_1_126' title='bbox 296 1743 471 1815; x_wconf 76' lang='lat' dir='ltr'>alligaverint</span> <span class='ocrx_word' id='word_1_127' title='bbox 483 1742 599 1816; x_wconf 85' lang='lat' dir='ltr'>majores</span> <span class='ocrx_word' id='word_1_128' title='bbox 612 1743 708 1812; x_wconf 85' lang='lat' dir='ltr'>nostri,</span> <span class='ocrx_word' id='word_1_129' title='bbox 728 1762 776 1816; x_wconf 91' lang='lat' dir='ltr'>per</span> <span class='ocrx_word' id='word_1_130' title='bbox 795 1761 910 1815; x_wconf 72' lang='lat' dir='ltr'>queque</span> <span class='ocrx_word' id='word_1_131' title='bbox 930 1742 1097 1817; x_wconf 86' lang='lat' dir='ltr'>subjecerint</span> 
     </span>
     <span class='ocr_line' id='line_1_18' title="bbox 161 1819 1097 1894; baseline -0.001 -17"><span class='ocrx_word' id='word_1_132' title='bbox 161 1820 275 1877; x_wconf 79' lang='lat' dir='ltr'>“riris:</span> <span class='ocrx_word' id='word_1_133' title='bbox 293 1821 395 1894; x_wconf 79' lang='lat' dir='ltr'>quibus</span> <span class='ocrx_word' id='word_1_134' title='bbox 408 1820 537 1876; x_wconf 88' lang='lat' dir='ltr'>omnibus</span> <span class='ocrx_word' id='word_1_135' title='bbox 550 1819 712 1874; x_wconf 88' lang='lat' dir='ltr'>constrictas</span> <span class='ocrx_word' id='word_1_136' title='bbox 727 1821 771 1876; x_wconf 88' lang='lat' dir='ltr'>vix</span> <span class='ocrx_word' id='word_1_137' title='bbox 786 1831 879 1877; x_wconf 86' lang='lat' dir='ltr'>tamen</span> <span class='ocrx_word' id='word_1_138' title='bbox 894 1822 1037 1877; x_wconf 90' lang='lat' dir='ltr'>continere</span> <span class='ocrx_word' id='word_1_139' title='bbox 1050 1839 1097 1894; x_wconf 92' lang='lat' dir='ltr'>po·</span> 
     </span>
    </p>
   </div>
   <div class='ocr_carea' id='block_1_4' title="bbox 162 1897 1149 1976">
    <p class='ocr_par' dir='ltr' id='par_1_5' title="bbox 162 1897 1149 1976">
     <span class='ocr_line' id='line_1_19' title="bbox 162 1897 1149 1976; baseline -0.002 -20"><span class='ocrx_word' id='word_1_140' title='bbox 162 1898 276 1956; x_wconf 83' lang='lat' dir='ltr'>“testis.</span> <span class='ocrx_word' id='word_1_141' title='bbox 327 1897 427 1957; x_wconf 78' lang='lat' dir='ltr'>Quid-t</span> <span class='ocrx_word' id='word_1_142' title='bbox 461 1897 484 1954; x_wconf 87' lang='lat' dir='ltr'>si</span> <span class='ocrx_word' id='word_1_143' title='bbox 510 1915 609 1971; x_wconf 89' lang='lat' dir='ltr'>capere</span> <span class='ocrx_word' id='word_1_144' title='bbox 632 1897 751 1972; x_wconf 80' lang='lat' dir='ltr'>singule,</span> <span class='ocrx_word' id='word_1_145' title='bbox 766 1910 793 1954; x_wconf 88' lang='lat' dir='ltr'>et</span> <span class='ocrx_word' id='word_1_146' title='bbox 814 1910 983 1972; x_wconf 84' lang='lat' dir='ltr'>extorquere,</span> <span class='ocrx_word' id='word_1_147' title='bbox 1005 1910 1033 1954; x_wconf 88' lang='lat' dir='ltr'>et</span> <span class='ocrx_word' id='word_1_148' title='bbox 1052 1917 1098 1954; x_wconf 86' lang='lat' dir='ltr'>ex·</span> <span class='ocrx_word' id='word_1_149' title='bbox 1144 1910 1149 1976; x_wconf 62' lang='grc' dir='ltr'><strong>ξ</strong></span> 
     </span>
    </p>
   </div>
   <div class='ocr_carea' id='block_1_5' title="bbox 99 1975 1131 3920">
    <p class='ocr_par' dir='ltr' id='par_1_6' title="bbox 99 1975 1131 3920">
     <span class='ocr_line' id='line_1_20' title="bbox 161 1975 1097 2051; baseline -0.001 -18"><span class='ocrx_word' id='word_1_150' title='bbox 161 1976 290 2051; x_wconf 79' lang='lat' dir='ltr'>“aequari</span> <span class='ocrx_word' id='word_1_151' title='bbox 305 1976 339 2032; x_wconf 83' lang='lat' dir='ltr'>ad</span> <span class='ocrx_word' id='word_1_152' title='bbox 353 1988 506 2032; x_wconf 82' lang='lat' dir='ltr'>extremum</span> <span class='ocrx_word' id='word_1_153' title='bbox 521 1975 587 2032; x_wconf 81' lang='lat' dir='ltr'>viris</span> <span class='ocrx_word' id='word_1_154' title='bbox 607 1976 760 2049; x_wconf 89' lang='lat' dir='ltr'>patiemini,</span> <span class='ocrx_word' id='word_1_155' title='bbox 781 1977 936 2034; x_wconf 84' lang='lat' dir='ltr'>tolerabiles</span> <span class='ocrx_word' id='word_1_156' title='bbox 960 1977 1036 2032; x_wconf 88' lang='lat' dir='ltr'>vobis</span> <span class='ocrx_word' id='word_1_157' title='bbox 1047 1995 1097 2032; x_wconf 85' lang='lat' dir='ltr'>eas</span> 
     </span>
     <span class='ocr_line' id='line_1_21' title="bbox 161 2049 1131 2128; baseline -0.002 -16"><span class='ocrx_word' id='word_1_158' title='bbox 161 2056 247 2112; x_wconf 77' lang='lat' dir='ltr'>“sore</span> <span class='ocrx_word' id='word_1_159' title='bbox 268 2054 400 2111; x_wconf 85' lang='lat' dir='ltr'>creditisl</span> <span class='ocrx_word' id='word_1_160' title='bbox 441 2053 597 2126; x_wconf 79' lang='lat' dir='ltr'>Extemplo,</span> <span class='ocrx_word' id='word_1_161' title='bbox 606 2054 687 2110; x_wconf 89' lang='lat' dir='ltr'>simul</span> <span class='ocrx_word' id='word_1_162' title='bbox 702 2049 783 2128; x_wconf 75' lang='lat' dir='ltr'>pares</span> <span class='ocrx_word' id='word_1_163' title='bbox 801 2073 863 2112; x_wconf 87' lang='lat' dir='ltr'>esse</span> <span class='ocrx_word' id='word_1_164' title='bbox 888 2055 1031 2128; x_wconf 72' lang='lat' dir='ltr'>eruperint,</span> <span class='ocrx_word' id='word_1_165' title='bbox 1052 2061 1131 2110; x_wconf 52' lang='lat' dir='ltr'>sum</span> 
     </span>
     <span class='ocr_line' id='line_1_22' title="bbox 161 2130 1098 2207; baseline 0.001 -19"><span class='ocrx_word' id='word_1_166' title='bbox 161 2134 311 2207; x_wconf 80' lang='lat' dir='ltr'>“periotes</span> <span class='ocrx_word' id='word_1_167' title='bbox 323 2142 411 2188; x_wconf 85' lang='lat' dir='ltr'>erunt.</span> <span class='ocrx_word' id='word_1_168' title='bbox 453 2133 491 2188; x_wconf 84' lang='lat' dir='ltr'>At</span> <span class='ocrx_word' id='word_1_169' title='bbox 506 2130 643 2206; x_wconf 78' lang='lat' dir='ltr'>(Hercule</span> <span class='ocrx_word' id='word_1_170' title='bbox 653 2130 677 2207; x_wconf 72' lang='lat'>⁴.)</span> <span class='ocrx_word' id='word_1_171' title='bbox 699 2133 813 2207; x_wconf 90' lang='lat' dir='ltr'>nequid</span> <span class='ocrx_word' id='word_1_172' title='bbox 837 2151 937 2190; x_wconf 88' lang='lat' dir='ltr'>novum</span> <span class='ocrx_word' id='word_1_173' title='bbox 953 2132 981 2188; x_wconf 91' lang='lat' dir='ltr'>iu</span> <span class='ocrx_word' id='word_1_174' title='bbox 995 2151 1042 2189; x_wconf 84' lang='lat' dir='ltr'>eas</span> <span class='ocrx_word' id='word_1_175' title='bbox 1056 2152 1098 2189; x_wconf 89' lang='lat' dir='ltr'>ro·</span> 
     </span>
     <span class='ocr_line' id='line_1_23' title="bbox 160 2209 1097 2286; baseline -0.001 -19"><span class='ocrx_word' id='word_1_176' title='bbox 160 2215 180 2250; x_wconf 83' lang='lat'>⁴‘</span> <span class='ocrx_word' id='word_1_177' title='bbox 190 2221 279 2286; x_wconf 86' lang='lat' dir='ltr'>getur,</span> <span class='ocrx_word' id='word_1_178' title='bbox 293 2221 437 2266; x_wconf 88' lang='lat' dir='ltr'>recusant:</span> <span class='ocrx_word' id='word_1_179' title='bbox 459 2227 514 2266; x_wconf 90' lang='lat' dir='ltr'>non</span> <span class='ocrx_word' id='word_1_180' title='bbox 533 2209 588 2283; x_wconf 81' lang='lat' dir='ltr'>jus,</span> <span class='ocrx_word' id='word_1_181' title='bbox 603 2210 651 2264; x_wconf 90' lang='lat' dir='ltr'>sed</span> <span class='ocrx_word' id='word_1_182' title='bbox 667 2211 793 2284; x_wconf 83' lang='lat' dir='ltr'>injuriam</span> <span class='ocrx_word' id='word_1_183' title='bbox 808 2211 999 2284; x_wconf 81' lang='lat' dir='ltr'>deprecantur.</span> <span class='ocrx_word' id='word_1_184' title='bbox 1041 2211 1097 2266; x_wconf 91' lang='lat' dir='ltr'>Im·</span> 
     </span>
     <span class='ocr_line' id='line_1_24' title="bbox 142 2287 1095 2364; baseline -0.002 -18"><span class='ocrx_word' id='word_1_185' title='bbox 142 2294 235 2346; x_wconf 71' lang='lat' dir='ltr'>’“mc</span> <span class='ocrx_word' id='word_1_186' title='bbox 249 2299 287 2360; x_wconf 91' lang='lat' dir='ltr'>ut,</span> <span class='ocrx_word' id='word_1_187' title='bbox 301 2308 382 2362; x_wconf 90' lang='lat' dir='ltr'>quam</span> <span class='ocrx_word' id='word_1_188' title='bbox 407 2287 562 2361; x_wconf 85' lang='lat' dir='ltr'>accepistis,</span> <span class='ocrx_word' id='word_1_189' title='bbox 586 2287 706 2362; x_wconf 87' lang='lat' dir='ltr'>jussistis</span> <span class='ocrx_word' id='word_1_190' title='bbox 727 2289 864 2363; x_wconf 85' lang='lat' dir='ltr'>suffragiis</span> <span class='ocrx_word' id='word_1_191' title='bbox 886 2289 981 2346; x_wconf 87' lang='lat' dir='ltr'>restris</span> <span class='ocrx_word' id='word_1_192' title='bbox 994 2289 1095 2364; x_wconf 86' lang='lat' dir='ltr'>legem,</span> 
     </span>
     <span class='ocr_line' id='line_1_25' title="bbox 160 2367 1096 2442; baseline -0.003 -16"><span class='ocrx_word' id='word_1_193' title='bbox 160 2372 180 2406; x_wconf 84' lang='lat'>“</span> <span class='ocrx_word' id='word_1_194' title='bbox 188 2386 270 2442; x_wconf 87' lang='lat' dir='ltr'>quarn</span> <span class='ocrx_word' id='word_1_195' title='bbox 286 2387 337 2423; x_wconf 89' lang='lat' dir='ltr'>usu</span> <span class='ocrx_word' id='word_1_196' title='bbox 348 2377 389 2425; x_wconf 82' lang='lat' dir='ltr'>tot</span> <span class='ocrx_word' id='word_1_197' title='bbox 410 2383 543 2422; x_wconf 85' lang='lat' dir='ltr'>annorum</span> <span class='ocrx_word' id='word_1_198' title='bbox 565 2377 593 2422; x_wconf 90' lang='lat' dir='ltr'>et</span> <span class='ocrx_word' id='word_1_199' title='bbox 613 2367 781 2438; x_wconf 86' lang='lat' dir='ltr'>experiendo</span> <span class='ocrx_word' id='word_1_200' title='bbox 795 2367 1000 2440; x_wconf 74' lang='lat' dir='ltr'>comprobistiS‚</span> <span class='ocrx_word' id='word_1_201' title='bbox 1022 2369 1096 2423; x_wconf 88' lang='lat' dir='ltr'>hanc</span> 
     </span>
     <span class='ocr_line' id='line_1_26' title="bbox 136 2444 1129 2520; baseline 0 -18"><span class='ocrx_word' id='word_1_202' title='bbox 136 2447 142 2460; x_wconf 76' lang='grc'><strong>“</strong></span> <span class='ocrx_word' id='word_1_203' title='bbox 160 2449 219 2502; x_wconf 80' lang='lat' dir='ltr'>“ut</span> <span class='ocrx_word' id='word_1_204' title='bbox 232 2445 387 2520; x_wconf 80' lang='lat' dir='ltr'>abrogetis:</span> <span class='ocrx_word' id='word_1_205' title='bbox 415 2444 506 2513; x_wconf 85' lang='lat' dir='ltr'>idest,</span> <span class='ocrx_word' id='word_1_206' title='bbox 522 2455 560 2509; x_wconf 91' lang='lat' dir='ltr'>ut,</span> <span class='ocrx_word' id='word_1_207' title='bbox 575 2461 658 2498; x_wconf 85' lang='lat' dir='ltr'>unam</span> <span class='ocrx_word' id='word_1_208' title='bbox 673 2444 794 2501; x_wconf 89' lang='lat' dir='ltr'>tollendo</span> <span class='ocrx_word' id='word_1_209' title='bbox 807 2445 907 2519; x_wconf 85' lang='lat' dir='ltr'>legem,</span> <span class='ocrx_word' id='word_1_210' title='bbox 921 2457 1035 2502; x_wconf 87' lang='lat' dir='ltr'>caeteras</span> <span class='ocrx_word' id='word_1_211' title='bbox 1054 2445 1129 2502; x_wconf 68' lang='lat' dir='ltr'>its-2⁵</span> 
     </span>
     <span class='ocr_line' id='line_1_27' title="bbox 159 2521 1095 2580; baseline -0.001 -1"><span class='ocrx_word' id='word_1_212' title='bbox 159 2529 179 2559; x_wconf 81' lang='lat'>⁴‘</span> <span class='ocrx_word' id='word_1_213' title='bbox 189 2524 310 2580; x_wconf 85' lang='lat' dir='ltr'>firmetis.</span> <span class='ocrx_word' id='word_1_214' title='bbox 351 2521 436 2580; x_wconf 88' lang='lat' dir='ltr'>Nulla</span> <span class='ocrx_word' id='word_1_215' title='bbox 450 2522 495 2578; x_wconf 89' lang='lat' dir='ltr'>lex</span> <span class='ocrx_word' id='word_1_216' title='bbox 510 2521 576 2578; x_wconf 84' lang='lat' dir='ltr'>satis</span> <span class='ocrx_word' id='word_1_217' title='bbox 589 2523 734 2578; x_wconf 86' lang='lat' dir='ltr'>commoda</span> <span class='ocrx_word' id='word_1_218' title='bbox 747 2524 875 2578; x_wconf 90' lang='lat' dir='ltr'>omnibus</span> <span class='ocrx_word' id='word_1_219' title='bbox 888 2535 946 2579; x_wconf 87' lang='lat' dir='ltr'>est:</span> <span class='ocrx_word' id='word_1_220' title='bbox 972 2523 999 2580; x_wconf 91' lang='lat' dir='ltr'>id</span> <span class='ocrx_word' id='word_1_221' title='bbox 1013 2523 1095 2580; x_wconf 73' lang='lat' dir='ltr'>modo</span> 
     </span>
     <span class='ocr_line' id='line_1_28' title="bbox 159 2599 1094 2674; baseline 0 -18"><span class='ocrx_word' id='word_1_222' title='bbox 159 2602 325 2673; x_wconf 79' lang='lat' dir='ltr'>“quaeritur,</span> <span class='ocrx_word' id='word_1_223' title='bbox 341 2601 364 2656; x_wconf 88' lang='lat' dir='ltr'>si</span> <span class='ocrx_word' id='word_1_224' title='bbox 377 2599 472 2672; x_wconf 86' lang='lat' dir='ltr'>majori</span> <span class='ocrx_word' id='word_1_225' title='bbox 486 2600 555 2672; x_wconf 84' lang='lat' dir='ltr'>parti</span> <span class='ocrx_word' id='word_1_226' title='bbox 575 2611 603 2655; x_wconf 88' lang='lat' dir='ltr'>et</span> <span class='ocrx_word' id='word_1_227' title='bbox 617 2599 645 2654; x_wconf 94' lang='lat' dir='ltr'>in</span> <span class='ocrx_word' id='word_1_228' title='bbox 659 2619 795 2656; x_wconf 90' lang='lat' dir='ltr'>summam</span> <span class='ocrx_word' id='word_1_229' title='bbox 810 2601 927 2674; x_wconf 87' lang='lat' dir='ltr'>prodest.</span> <span class='ocrx_word' id='word_1_230' title='bbox 968 2601 1007 2666; x_wconf 82' lang='lat' dir='ltr'>si,</span> <span class='ocrx_word' id='word_1_231' title='bbox 1022 2601 1094 2673; x_wconf 84' lang='lat' dir='ltr'>quod</span> 
     </span>
     <span class='ocr_line' id='line_1_29' title="bbox 160 2677 1094 2752; baseline -0.001 -17"><span class='ocrx_word' id='word_1_232' title='bbox 160 2679 317 2751; x_wconf 84' lang='lat' dir='ltr'>“cuiquam</span> <span class='ocrx_word' id='word_1_233' title='bbox 331 2677 456 2750; x_wconf 83' lang='lat' dir='ltr'>privatim</span> <span class='ocrx_word' id='word_1_234' title='bbox 479 2677 582 2732; x_wconf 87' lang='lat' dir='ltr'>officiet</span> <span class='ocrx_word' id='word_1_235' title='bbox 602 2677 656 2752; x_wconf 83' lang='lat' dir='ltr'>jus,</span> <span class='ocrx_word' id='word_1_236' title='bbox 678 2677 706 2731; x_wconf 89' lang='lat' dir='ltr'>id</span> <span class='ocrx_word' id='word_1_237' title='bbox 727 2677 848 2734; x_wconf 87' lang='lat' dir='ltr'>destruet</span> <span class='ocrx_word' id='word_1_238' title='bbox 869 2698 903 2734; x_wconf 89' lang='lat' dir='ltr'>ac</span> <span class='ocrx_word' id='word_1_239' title='bbox 923 2679 1094 2745; x_wconf 85' lang='lat' dir='ltr'>demolietur,</span> 
     </span>
     <span class='ocr_line' id='line_1_30' title="bbox 160 2754 1094 2831; baseline -0.002 -17"><span class='ocrx_word' id='word_1_240' title='bbox 160 2758 252 2831; x_wconf 85' lang='lat' dir='ltr'>“qnid</span> <span class='ocrx_word' id='word_1_241' title='bbox 265 2754 392 2812; x_wconf 87' lang='lat' dir='ltr'>attinebit</span> <span class='ocrx_word' id='word_1_242' title='bbox 411 2754 552 2810; x_wconf 85' lang='lat' dir='ltr'>universos</span> <span class='ocrx_word' id='word_1_243' title='bbox 570 2773 665 2827; x_wconf 82' lang='lat' dir='ltr'>rogare</span> <span class='ocrx_word' id='word_1_244' title='bbox 687 2754 771 2828; x_wconf 77' lang='lat' dir='ltr'>legeS,</span> <span class='ocrx_word' id='word_1_245' title='bbox 796 2775 864 2828; x_wconf 88' lang='lat' dir='ltr'>quas</span> <span class='ocrx_word' id='word_1_246' title='bbox 878 2777 941 2814; x_wconf 86' lang='lat' dir='ltr'>mcx</span> <span class='ocrx_word' id='word_1_247' title='bbox 954 2757 1094 2831; x_wconf 81' lang='lat' dir='ltr'>obrogare,</span> 
     </span>
     <span class='ocr_line' id='line_1_31' title="bbox 160 2831 1128 2910; baseline -0.001 -18"><span class='ocrx_word' id='word_1_248' title='bbox 160 2837 215 2892; x_wconf 84' lang='lat' dir='ltr'>“iu</span> <span class='ocrx_word' id='word_1_249' title='bbox 229 2855 297 2910; x_wconf 87' lang='lat' dir='ltr'>quos</span> <span class='ocrx_word' id='word_1_250' title='bbox 320 2834 382 2890; x_wconf 80' lang='lat' dir='ltr'>latre</span> <span class='ocrx_word' id='word_1_251' title='bbox 402 2843 476 2898; x_wconf 88' lang='lat' dir='ltr'>sunt,</span> <span class='ocrx_word' id='word_1_252' title='bbox 498 2831 621 2906; x_wconf 67' lang='lat' dir='ltr'>possint?</span> <span class='ocrx_word' id='word_1_253' title='bbox 654 2831 726 2888; x_wconf 89' lang='lat' dir='ltr'>Volo</span> <span class='ocrx_word' id='word_1_254' title='bbox 739 2845 831 2890; x_wconf 86' lang='lat' dir='ltr'>tamen</span> <span class='ocrx_word' id='word_1_255' title='bbox 846 2837 949 2902; x_wconf 86' lang='lat' dir='ltr'>audire,</span> <span class='ocrx_word' id='word_1_256' title='bbox 964 2836 1029 2907; x_wconf 93' lang='lat' dir='ltr'>quid</span> <span class='ocrx_word' id='word_1_257' title='bbox 1050 2836 1128 2902; x_wconf 81' lang='lat' dir='ltr'>sit,³⁰</span> 
     </span>
     <span class='ocr_line' id='line_1_32' title="bbox 99 2903 1096 2988; baseline -0.001 -18"><span class='ocrx_word' id='word_1_258' title='bbox 99 2916 100 2920; x_wconf 72' lang='grc'>’</span> <span class='ocrx_word' id='word_1_259' title='bbox 158 2916 295 2988; x_wconf 66' lang='grc' dir='ltr'>μρτορῐετ</span> <span class='ocrx_word' id='word_1_260' title='bbox 315 2913 386 2986; x_wconf 92' lang='lat' dir='ltr'>quod</span> <span class='ocrx_word' id='word_1_261' title='bbox 408 2903 538 2968; x_wconf 81' lang='lat' dir='ltr'>r&#39;untronae</span> <span class='ocrx_word' id='word_1_262' title='bbox 552 2921 736 2968; x_wconf 85' lang='lat' dir='ltr'>consternatae</span> <span class='ocrx_word' id='word_1_263' title='bbox 758 2927 950 2985; x_wconf 88' lang='lat' dir='ltr'>procurrerunt</span> <span class='ocrx_word' id='word_1_264' title='bbox 965 2913 992 2966; x_wconf 90' lang='lat' dir='ltr'>in</span> <span class='ocrx_word' id='word_1_265' title='bbox 1007 2913 1096 2985; x_wconf 86' lang='lat' dir='ltr'>publi·</span> 
     </span>
     <span class='ocr_line' id='line_1_33' title="bbox 159 2989 1092 3065; baseline -0.004 -17"><span class='ocrx_word' id='word_1_266' title='bbox 159 2995 261 3063; x_wconf 86' lang='lat' dir='ltr'>“cum‚</span> <span class='ocrx_word' id='word_1_267' title='bbox 282 3011 315 3048; x_wconf 92' lang='lat' dir='ltr'>ac</span> <span class='ocrx_word' id='word_1_268' title='bbox 337 2991 381 3046; x_wconf 83' lang='lat' dir='ltr'>vix</span> <span class='ocrx_word' id='word_1_269' title='bbox 403 2990 460 3046; x_wconf 90' lang='lat' dir='ltr'>foro</span> <span class='ocrx_word' id='word_1_270' title='bbox 479 3008 509 3044; x_wconf 85' lang='lat' dir='ltr'>se</span> <span class='ocrx_word' id='word_1_271' title='bbox 529 2999 558 3044; x_wconf 90' lang='lat' dir='ltr'>et</span> <span class='ocrx_word' id='word_1_272' title='bbox 577 2989 714 3045; x_wconf 87' lang='lat' dir='ltr'>concione</span> <span class='ocrx_word' id='word_1_273' title='bbox 736 2991 882 3048; x_wconf 83' lang='lat' dir='ltr'>abstineut.</span> <span class='ocrx_word' id='word_1_274' title='bbox 936 2989 972 3044; x_wconf 92' lang='lat' dir='ltr'>Ut</span> <span class='ocrx_word' id='word_1_275' title='bbox 992 2991 1092 3065; x_wconf 86' lang='lat' dir='ltr'>captivi</span> 
     </span>
     <span class='ocr_line' id='line_1_34' title="bbox 158 3067 1095 3140; baseline -0.002 -14"><span class='ocrx_word' id='word_1_276' title='bbox 158 3072 221 3126; x_wconf 83' lang='lat' dir='ltr'>“ab</span> <span class='ocrx_word' id='word_1_277' title='bbox 242 3069 401 3126; x_wconf 79' lang='lat' dir='ltr'>Hannibale</span> <span class='ocrx_word' id='word_1_278' title='bbox 422 3068 591 3126; x_wconf 82' lang='lat' dir='ltr'>redimentur</span> <span class='ocrx_word' id='word_1_279' title='bbox 605 3078 741 3140; x_wconf 85' lang='lat' dir='ltr'>parentes,</span> <span class='ocrx_word' id='word_1_280' title='bbox 756 3069 815 3134; x_wconf 82' lang='lat' dir='ltr'>riri,</span> <span class='ocrx_word' id='word_1_281' title='bbox 839 3067 925 3137; x_wconf 87' lang='lat' dir='ltr'>liberi,</span> <span class='ocrx_word' id='word_1_282' title='bbox 940 3067 1036 3122; x_wconf 88' lang='lat' dir='ltr'>fratres</span> <span class='ocrx_word' id='word_1_283' title='bbox 1046 3085 1095 3124; x_wconf 80' lang='lat' dir='ltr'>ea-</span> 
     </span>
     <span class='ocr_line' id='line_1_35' title="bbox 158 3139 1094 3220; baseline -0.002 -16"><span class='ocrx_word' id='word_1_284' title='bbox 158 3151 269 3204; x_wconf 82' lang='lat' dir='ltr'>“ruml</span> <span class='ocrx_word' id='word_1_285' title='bbox 322 3147 423 3204; x_wconf 90' lang='lat' dir='ltr'>Procul</span> <span class='ocrx_word' id='word_1_286' title='bbox 437 3147 524 3216; x_wconf 87' lang='lat' dir='ltr'>abest,</span> <span class='ocrx_word' id='word_1_287' title='bbox 542 3139 667 3218; x_wconf 90' lang='lat' dir='ltr'>absitque</span> <span class='ocrx_word' id='word_1_288' title='bbox 691 3157 821 3220; x_wconf 81' lang='lat' dir='ltr'>semper,</span> <span class='ocrx_word' id='word_1_289' title='bbox 834 3147 893 3202; x_wconf 88' lang='lat' dir='ltr'>talis</span> <span class='ocrx_word' id='word_1_290' title='bbox 915 3145 1023 3202; x_wconf 88' lang='lat' dir='ltr'>fortuna</span> <span class='ocrx_word' id='word_1_291' title='bbox 1042 3146 1094 3202; x_wconf 88' lang='lat' dir='ltr'>rei-</span> 
     </span>
     <span class='ocr_line' id='line_1_36' title="bbox 158 3222 1127 3299; baseline 0 -19"><span class='ocrx_word' id='word_1_292' title='bbox 158 3225 320 3299; x_wconf 75' lang='lat' dir='ltr'>“publicae!</span> <span class='ocrx_word' id='word_1_293' title='bbox 362 3226 418 3280; x_wconf 82' lang='lat' dir='ltr'>Sed</span> <span class='ocrx_word' id='word_1_294' title='bbox 433 3235 535 3294; x_wconf 84' lang='lat' dir='ltr'>temen,</span> <span class='ocrx_word' id='word_1_295' title='bbox 549 3241 633 3296; x_wconf 86' lang='lat' dir='ltr'>quum</span> <span class='ocrx_word' id='word_1_296' title='bbox 648 3222 708 3292; x_wconf 90' lang='lat' dir='ltr'>fuit,</span> <span class='ocrx_word' id='word_1_297' title='bbox 729 3224 849 3298; x_wconf 81' lang='lat' dir='ltr'>negristis</span> <span class='ocrx_word' id='word_1_298' title='bbox 871 3225 923 3280; x_wconf 89' lang='lat' dir='ltr'>hcc</span> <span class='ocrx_word' id='word_1_299' title='bbox 941 3223 993 3297; x_wconf 86' lang='lat' dir='ltr'>piis</span> <span class='ocrx_word' id='word_1_300' title='bbox 1006 3223 1127 3298; x_wconf 32' lang='lat' dir='ltr'>preci-v35</span> 
     </span>
     <span class='ocr_line' id='line_1_37' title="bbox 157 3301 1092 3376; baseline -0.002 -16"><span class='ocrx_word' id='word_1_301' title='bbox 157 3305 236 3360; x_wconf 66' lang='lat' dir='ltr'>“bus</span> <span class='ocrx_word' id='word_1_302' title='bbox 259 3321 363 3358; x_wconf 86' lang='lat' dir='ltr'>earum.</span> <span class='ocrx_word' id='word_1_303' title='bbox 404 3303 445 3358; x_wconf 88' lang='lat' dir='ltr'>At</span> <span class='ocrx_word' id='word_1_304' title='bbox 466 3321 521 3358; x_wconf 89' lang='lat' dir='ltr'>uon</span> <span class='ocrx_word' id='word_1_305' title='bbox 535 3303 624 3375; x_wconf 87' lang='lat' dir='ltr'>pietas</span> <span class='ocrx_word' id='word_1_306' title='bbox 646 3319 700 3358; x_wconf 88' lang='lat' dir='ltr'>nec</span> <span class='ocrx_word' id='word_1_307' title='bbox 724 3301 878 3359; x_wconf 86' lang='lat' dir='ltr'>sollicitudo</span> <span class='ocrx_word' id='word_1_308' title='bbox 901 3302 1029 3376; x_wconf 77' lang='lat' dir='ltr'>presule,</span> <span class='ocrx_word' id='word_1_309' title='bbox 1043 3303 1092 3358; x_wconf 85' lang='lat' dir='ltr'>sed</span> 
     </span>
     <span class='ocr_line' id='line_1_38' title="bbox 157 3378 1092 3455; baseline -0.003 -16"><span class='ocrx_word' id='word_1_310' title='bbox 157 3385 176 3422; x_wconf 73' lang='lat'>‘⁶</span> <span class='ocrx_word' id='word_1_311' title='bbox 185 3382 290 3455; x_wconf 84' lang='lat' dir='ltr'>religio,</span> <span class='ocrx_word' id='word_1_312' title='bbox 316 3380 496 3454; x_wconf 79' lang='lat' dir='ltr'>congregavit</span> <span class='ocrx_word' id='word_1_313' title='bbox 521 3399 577 3436; x_wconf 89' lang='lat' dir='ltr'>eas.</span> <span class='ocrx_word' id='word_1_314' title='bbox 618 3378 737 3436; x_wconf 88' lang='lat' dir='ltr'>Matrem</span> <span class='ocrx_word' id='word_1_315' title='bbox 759 3379 909 3444; x_wconf 76' lang='lat' dir='ltr'>idaeam-a</span> <span class='ocrx_word' id='word_1_316' title='bbox 929 3380 1092 3436; x_wconf 88' lang='lat' dir='ltr'>Pessinunte</span> 
     </span>
     <span class='ocr_line' id='line_1_39' title="bbox 157 3457 1091 3531; baseline 0 -17"><span class='ocrx_word' id='word_1_317' title='bbox 157 3458 353 3531; x_wconf 67' lang='lat' dir='ltr'>“ex-Phrygii</span> <span class='ocrx_word' id='word_1_318' title='bbox 373 3457 540 3527; x_wconf 87' lang='lat' dir='ltr'>venientem,</span> <span class='ocrx_word' id='word_1_319' title='bbox 565 3467 720 3528; x_wconf 82' lang='lat' dir='ltr'>accepturae</span> <span class='ocrx_word' id='word_1_320' title='bbox 734 3469 806 3514; x_wconf 88' lang='lat' dir='ltr'>sunt.</span> <span class='ocrx_word' id='word_1_321' title='bbox 846 3457 925 3518; x_wconf 80' lang='lat' dir='ltr'>Quid</span> <span class='ocrx_word' id='word_1_322' title='bbox 947 3459 1091 3514; x_wconf 88' lang='lat' dir='ltr'>honestum</span> 
     </span>
     <span class='ocr_line' id='line_1_40' title="bbox 156 3534 1091 3608; baseline 0.001 -18"><span class='ocrx_word' id='word_1_323' title='bbox 156 3543 176 3579; x_wconf 60' lang='grc' dir='ltr'><strong>ὕ</strong></span> <span class='ocrx_word' id='word_1_324' title='bbox 185 3537 262 3592; x_wconf 88' lang='lat' dir='ltr'>dictu</span> <span class='ocrx_word' id='word_1_325' title='bbox 276 3535 372 3591; x_wconf 85' lang='lat' dir='ltr'>saltem</span> <span class='ocrx_word' id='word_1_326' title='bbox 386 3535 516 3591; x_wconf 87' lang='lat' dir='ltr'>seditioni</span> <span class='ocrx_word' id='word_1_327' title='bbox 530 3534 709 3608; x_wconf 70' lang='lat' dir='ltr'>pretenditur</span> <span class='ocrx_word' id='word_1_328' title='bbox 722 3535 849 3592; x_wconf 88' lang='lat' dir='ltr'>muliebri</span> <span class='ocrx_word' id='word_1_329' title='bbox 862 3538 872 3589; x_wconf 83' lang='lat' dir='ltr'>l</span> <span class='ocrx_word' id='word_1_330' title='bbox 914 3537 968 3592; x_wconf 85' lang='lat' dir='ltr'>‘Ut</span> <span class='ocrx_word' id='word_1_331' title='bbox 984 3541 1051 3594; x_wconf 80' lang='lat' dir='ltr'>auro</span> <span class='ocrx_word' id='word_1_332' title='bbox 1063 3546 1091 3591; x_wconf 88' lang='lat' dir='ltr'>et</span> 
     </span>
     <span class='ocr_line' id='line_1_41' title="bbox 157 3611 1124 3688; baseline 0.003 -21"><span class='ocrx_word' id='word_1_333' title='bbox 157 3616 322 3686; x_wconf 70' lang='lat' dir='ltr'>“‘purpurl</span> <span class='ocrx_word' id='word_1_334' title='bbox 336 3611 509 3684; x_wconf 80' lang='lat' dir='ltr'>fulgeamus,’</span> <span class='ocrx_word' id='word_1_335' title='bbox 523 3612 630 3684; x_wconf 88' lang='lat' dir='ltr'>iuquit;</span> <span class='ocrx_word' id='word_1_336' title='bbox 657 3618 707 3668; x_wconf 74' lang='lat' dir='ltr'>‘ut</span> <span class='ocrx_word' id='word_1_337' title='bbox 727 3613 875 3686; x_wconf 85' lang='lat' dir='ltr'>carpentis,</span> <span class='ocrx_word' id='word_1_338' title='bbox 896 3614 972 3670; x_wconf 83' lang='lat' dir='ltr'>festis</span> <span class='ocrx_word' id='word_1_339' title='bbox 992 3613 1124 3688; x_wconf 70' lang='lat' dir='ltr'>proies—⁴³</span> 
     </span>
     <span class='ocr_line' id='line_1_42' title="bbox 157 3689 1091 3764; baseline 0.004 -20"><span class='ocrx_word' id='word_1_340' title='bbox 157 3689 292 3761; x_wconf 70' lang='lat' dir='ltr'>“‘tisque</span> <span class='ocrx_word' id='word_1_341' title='bbox 306 3689 414 3758; x_wconf 86' lang='lat' dir='ltr'>diebus,</span> <span class='ocrx_word' id='word_1_342' title='bbox 430 3689 504 3746; x_wconf 80' lang='lat' dir='ltr'>reiut</span> <span class='ocrx_word' id='word_1_343' title='bbox 528 3689 729 3762; x_wconf 81' lang='lat' dir='ltr'>triurnphantes</span> <span class='ocrx_word' id='word_1_344' title='bbox 752 3691 788 3746; x_wconf 88' lang='lat' dir='ltr'>de</span> <span class='ocrx_word' id='word_1_345' title='bbox 801 3689 863 3764; x_wconf 88' lang='lat' dir='ltr'>lege</span> <span class='ocrx_word' id='word_1_346' title='bbox 884 3692 956 3748; x_wconf 77' lang='lat' dir='ltr'>viora</span> <span class='ocrx_word' id='word_1_347' title='bbox 972 3704 1001 3749; x_wconf 88' lang='lat' dir='ltr'>et</span> <span class='ocrx_word' id='word_1_348' title='bbox 1014 3693 1091 3748; x_wconf 88' lang='lat' dir='ltr'>abro-</span> 
     </span>
     <span class='ocr_line' id='line_1_43' title="bbox 156 3765 1092 3842; baseline 0.007 -23"><span class='ocrx_word' id='word_1_349' title='bbox 156 3767 276 3838; x_wconf 68' lang='lat' dir='ltr'>“⁴gatl,</span> <span class='ocrx_word' id='word_1_350' title='bbox 290 3777 318 3824; x_wconf 87' lang='lat' dir='ltr'>et</span> <span class='ocrx_word' id='word_1_351' title='bbox 331 3765 419 3838; x_wconf 86' lang='lat' dir='ltr'>captis</span> <span class='ocrx_word' id='word_1_352' title='bbox 432 3775 461 3822; x_wconf 88' lang='lat' dir='ltr'>et</span> <span class='ocrx_word' id='word_1_353' title='bbox 473 3767 574 3840; x_wconf 85' lang='lat' dir='ltr'>ereptis</span> <span class='ocrx_word' id='word_1_354' title='bbox 588 3766 725 3841; x_wconf 79' lang='lat' dir='ltr'>suffragiis</span> <span class='ocrx_word' id='word_1_355' title='bbox 739 3767 845 3834; x_wconf 87' lang='lat' dir='ltr'>vestris,</span> <span class='ocrx_word' id='word_1_356' title='bbox 858 3787 907 3842; x_wconf 90' lang='lat' dir='ltr'>per</span> <span class='ocrx_word' id='word_1_357' title='bbox 921 3770 1016 3830; x_wconf 91' lang='lat' dir='ltr'>urbem</span> <span class='ocrx_word' id='word_1_358' title='bbox 1030 3785 1092 3826; x_wconf 88' lang='lat' dir='ltr'>reo·</span> 
     </span>
     <span class='ocr_line' id='line_1_44' title="bbox 157 3842 986 3920; baseline 0.008 -24"><span class='ocrx_word' id='word_1_359' title='bbox 157 3843 175 3876; x_wconf 83' lang='lat'><strong>“</strong></span> <span class='ocrx_word' id='word_1_360' title='bbox 184 3845 307 3898; x_wconf 66' lang='lat' dir='ltr'>‘remum</span> <span class='ocrx_word' id='word_1_361' title='bbox 328 3861 363 3899; x_wconf 89' lang='lat' dir='ltr'>ne</span> <span class='ocrx_word' id='word_1_362' title='bbox 377 3842 449 3899; x_wconf 87' lang='lat' dir='ltr'>ullus</span> <span class='ocrx_word' id='word_1_363' title='bbox 462 3843 560 3900; x_wconf 87' lang='lat' dir='ltr'>modus</span> <span class='ocrx_word' id='word_1_364' title='bbox 573 3844 738 3920; x_wconf 88' lang='lat' dir='ltr'>sumptibus,</span> <span class='ocrx_word' id='word_1_365' title='bbox 751 3862 787 3900; x_wconf 88' lang='lat' dir='ltr'>ne</span> <span class='ocrx_word' id='word_1_366' title='bbox 801 3843 920 3903; x_wconf 70' lang='lat' dir='ltr'>luxuriae</span> <span class='ocrx_word' id='word_1_367' title='bbox 933 3847 986 3905; x_wconf 68' lang='lat' dir='ltr'>sit!</span> 
     </span>
    </p>
   </div>
   <div class='ocr_carea' id='block_1_6' title="bbox 0 0 1314 4200">
    <p class='ocr_par' dir='ltr' id='par_1_7' title="bbox 0 0 1314 4200">
     <span class='ocr_line' id='line_1_45' title="bbox 0 0 1314 4200; baseline 0 4"><span class='ocrx_word' id='word_1_368' title='bbox 0 0 1314 4200; x_wconf 95' lang='lat' dir='ltr'> </span> 
     </span>
    </p>
   </div>
  </div>
 </body>
</html>
