2638 4206
533 359 636 412 LIBER
652 360 698 410 111.
729 375 789 410 car.
806 373 860 411 arr.
1113 365 1161 428 09.

220 506 307 577 tieret,
328 505 401 562 baud
421 504 570 580 quidquam
590 505 720 562 abnuere.
761 503 879 579 Appius,
899 501 970 560 truci
992 502 1104 578 ingenio
1119 519 1153 564 et

220 585 323 642 invidia
345 584 493 658 precipui,
516 584 611 640 odium
624 583 653 640 iu
667 601 696 640 sc
710 582 825 640 aliorum
846 601 896 638 suo
916 581 944 638 in
965 599 1013 638 eos
1032 584 1151 643 metiens

220 664 291 733 odic,
313 662 424 719 “Haud
445 661 570 736 ignaro‚”
591 662 687 734 inquit,
708 661 865 718 “imminet
884 660 1002 716 fortuna.
1049 659 1150 736 Video,

220 742 336 798 “donec
362 758 439 796 arma
464 739 625 796 adversariis
645 739 799 810 traduntur,
820 737 924 794 differri
951 738 1081 795 adversus
1100 758 1152 798 nos

200 823 396 879 r“certamen.
449 817 565 874 Dandus
585 817 696 874 invidiae
716 829 758 873 est
777 816 899 892 sanguis.
939 815 1018 872 Nihil
1044 835 1080 874 ne
1100 836 1153 894 ego

219 897 356 969 “quidem
371 915 470 969 moror,
483 896 633 969 quominus
651 896 837 952 decemviratu
859 895 985 951 abeam.’'
1034 893 1153 954 Factum

217 974 504 1043 senatus-consultum,
520 979 537 1010 “
550 973 587 1030 Ut
600 973 749 1031 decemviri
763 991 793 1030 se
806 973 894 1048 primo
907 991 1015 1046 quoque
1029 984 1152 1048 tempore

217 1053 405 1127 “magistratu
426 1052 605 1108 abdicarent:
634 1051 673 1112 Q.
689 1051 800 1123 Furius,
813 1051 936 1126 pontifex
948 1052 1091 1122 maximus,
1106 1054 1153 1112 tri·

217 1135 236 1166 “
245 1130 333 1187 bunos
347 1130 435 1205 plebis
448 1141 574 1197 crearet;
594 1139 622 1186 ct
636 1147 671 1185 ne
685 1130 731 1186 cui
751 1129 840 1186 fraudi
861 1141 934 1186 esset
947 1130 1067 1186 secessio
1080 1131 1152 1188 mili·

185 1209 485 1282 10“tumpleuisque.”
528 1207 580 1279 His
600 1207 859 1264 senatus-consultis
879 1207 1016 1282 perfectis,
1038 1207 1152 1268 dimisso

216 1297 323 1351 senatu,
347 1286 496 1342 decemviri
518 1284 703 1359 prodeuntia
724 1287 899 1356 concionem,
913 1285 1099 1360 abdicantque
1119 1307 1150 1346 sc

215 1364 386 1438 magistratu,
401 1363 507 1438 ingenti
528 1361 670 1418 hominurn
684 1363 786 1420 letitie.
826 1363 997 1421 Nuntiantur
1019 1364 1079 1420 haec
1092 1365 1150 1439 ple·

214 1441 261 1498 bi:
281 1442 395 1514 legatos,
409 1441 541 1515 quidquid
555 1441 583 1497 in
597 1441 671 1496 Urbe
686 1442 827 1501 hominum
842 1451 992 1517 supererat,
1012 1443 1152 1516 prosequi·

214 1530 267 1575 tur.
307 1520 384 1576 Huic
398 1519 568 1574 multitudini
591 1519 653 1575 laeta
674 1520 821 1576 aliaturba
840 1539 874 1576 ex
894 1520 991 1577 castris
1011 1521 1151 1578 occurrit:
1180 1587 1181 1590 Ἰ

182 1617 205 1656 15
214 1598 440 1672 congratulantur
452 1597 607 1653 libertatem
622 1597 853 1671 concordiamque
864 1597 967 1655 civitati
982 1598 1148 1656 restitutam.

213 1675 311 1750 Legati
324 1695 373 1750 pro
384 1675 538 1731 concione:
570 1674 682 1734 “Quod
698 1675 812 1742 bouum,
832 1676 962 1747 faustum,
978 1676 1098 1750 felixque
1114 1677 1150 1735 sit
1276 1670 1281 1684 ’

214 1754 325 1819 “vobis
340 1753 434 1826 reique
448 1752 575 1826 publicae,
597 1753 685 1809 redite
700 1754 728 1810 in
743 1755 868 1828 patriam,
887 1754 921 1810 ad
942 1765 1067 1828 penates,
1081 1773 1149 1813 con·

213 1831 325 1905 “juges
353 1831 509 1904 liberosque
524 1842 641 1887 vestros:
675 1833 734 1898 sed,
750 1832 806 1906 qud
826 1833 871 1888 hic
892 1833 1026 1888 modestia
1047 1832 1147 1907 fuistis,

213 1909 285 1964 “ubi
300 1909 403 1964 nullius
416 1927 481 1984 ager
496 1909 524 1964 in
540 1919 579 1965 tot
599 1928 689 1966 rerum
704 1929 756 1966 usu
776 1911 932 1968 necessario
952 1921 1036 1966 tantm
1056 1911 1149 1968 multi·

179 1991 231 2046 at“
239 1987 328 2042 tudini
349 1997 390 2042 est
410 1987 535 2051 violatus,
556 2005 617 2042 eam
639 1988 801 2044 modestiam
822 1988 889 2044 ferte
909 1988 938 2045 in
959 1988 1072 2045 Urbem.
1111 1989 1148 2048 In

212 2063 411 2119 “Aventinum
432 2064 479 2129 ite,
500 2065 574 2118 unde
594 2065 709 2137 profecti
730 2065 804 2121 estis.
844 2066 898 2132 Ibi,
919 2064 993 2122 felici
1013 2066 1084 2132 loco,
1099 2067 1147 2124 ubi

212 2141 339 2216 “prima·
352 2140 431 2197 initia
457 2141 607 2196 inchodstis
632 2142 766 2198 libertatis
787 2154 893 2209 vestrm,
914 2144 1038 2200 tribunos
1058 2143 1147 2219 plebis

212 2219 388 2276 “creabitis:
409 2230 507 2293 praesto
526 2218 579 2274 erit
599 2219 722 2292 pontifex
737 2221 884 2290 maximus,
905 2221 950 2294 qui
965 2221 1077 2278 comitia
1099 2223 1147 2280 ha·

210 2297 330 2355 “beat''
383 2296 487 2371 ingens
513 2314 642 2352 assensus
671 2297 851 2370 alacritasque
871 2307 975 2354 cuncta
994 2298 1147 2371 approban-

177 2376 278 2433 astium
304 2375 362 2432 fuit.
416 2373 583 2431 Convellunt
603 2374 669 2430 inde
689 2374 790 2449 signa;
823 2373 993 2449 profectique
1013 2375 1144 2445 Romam,

208 2464 316 2510 certant
329 2472 393 2510 curn
413 2451 502 2509 obviis
522 2453 632 2528 gaudio.
673 2453 782 2509 Armati
802 2459 851 2527 per'
871 2451 968 2508 urbem
988 2452 1097 2510 silentio
1115 2454 1145 2514 in

208 2530 378 2588 Aventinum
410 2531 592 2605 perveniunt:
627 2531 665 2587 ibi
695 2531 844 2605 extemplo,
872 2529 1003 2604 pontifice
1023 2532 1146 2592 marimo

208 2611 319 2666 comitia
339 2610 469 2675 habente,
500 2608 625 2666 tribunos
645 2609 733 2685 plebis
753 2618 926 2675 creaverunt,
945 2609 1069 2666 omnium
1090 2611 1145 2685 pri·

207 2705 283 2742 mum
310 2688 346 2743 A.
374 2687 542 2762 virginium,
570 2688 635 2743 inde
656 2687 688 2744 L.
710 2687 831 2753 Icilium,
852 2699 880 2743 et
900 2686 931 2743 P.
952 2686 1144 2747 Numitorium

174 2782 198 2821 ao
208 2764 374 2820 avunculum
389 2765 532 2839 Virginiae,
548 2775 674 2822 auctores
687 2765 860 2822 secessionis.
901 2765 978 2822 Tum
992 2765 1025 2820 C.
1041 2766 1145 2823 Sicini·

207 2861 265 2913 um,
279 2842 438 2916 progeniem
453 2838 521 2917 ejus,
535 2861 617 2916 quem
628 2843 747 2918 primum
760 2844 901 2900 tribunum
916 2842 1004 2916 plebis
1017 2852 1142 2900 creatum

145 2987 149 2995 ἱ
206 2919 235 2976 in
251 2919 336 2976 Sacro
350 2929 453 2990 moute,
467 2921 603 2993 proditum
619 2922 757 2978 memoriae
770 2931 827 2990 est3
848 2932 876 2978 et
890 2919 930 2976 M.
944 2918 1080 2986 Duilium,
1095 2921 1143 2995 qui

205 2997 374 3054 tribunatum
389 2997 526 3072 insignem
541 3011 604 3054 ante
627 3000 798 3057 decemviros
819 3009 925 3056 creatos
942 3008 1074 3071 gesserat,
1087 3016 1143 3057 nec

205 3075 233 3132 in
247 3075 477 3133 decemviralibus
491 3078 688 3134 certaminibus
708 3077 781 3152 plebi
796 3077 928 3134 defuerat.
970 3075 1025 3149 Spe
1039 3076 1141 3136 deinde

170 3155 302 3229 asmagis
325 3154 407 3229 quim
431 3155 545 3225 meritis,
572 3155 663 3220 electi,
684 3155 725 3212 ul.
743 3155 877 3220 Titinius,
898 3152 939 3209 Μ.
961 3153 1139 3230 Pomponius,

204 3231 237 3288 C.
252 3235 401 3306 Apronius,
416 3233 447 3289 P.
461 3233 570 3300 Villius,
584 3233 618 3290 C.
630 3234 746 3308 Oppius.
768 3232 925 3290 Tribunatu
937 3231 1015 3302 inito,
1038 3233 1071 3290 L.
1085 3233 1141 3292 Ici-

204 3307 257 3365 lius
269 3311 407 3386 externplo
426 3310 535 3385 plebem
553 3312 667 3386 rogavit,
687 3322 716 3368 et
735 3312 813 3386 plebs
833 3310 923 3380 scivit,
943 3329 980 3368 ne
1000 3311 1047 3368 cui
1067 3311 1148 3369 frou--

204 3387 233 3442 di
245 3400 317 3446 esset
330 3389 451 3447 secessio
463 3389 499 3445 ab
512 3389 675 3446 decemviris
686 3390 767 3448 facta.
808 3387 960 3446 Confestim
972 3389 1007 3446 de
1018 3389 1139 3447 consuli-

204 3463 257 3520 bus
269 3469 396 3524 creandis
410 3485 474 3524 cum
498 3468 690 3542 provocatione
705 3467 745 3527 M.
759 3467 871 3524 Duilius
883 3466 1054 3542 rogationem
1074 3483 1137 3541 per-

168 3541 274 3599 ettulit.
298 3545 355 3602 'Ea
374 3545 469 3603 omnia
488 3544 517 3602 in
537 3547 622 3618 pratis
642 3545 788 3604 Flaminiis
808 3545 927 3603 concilio
946 3544 1035 3621 plebis
1061 3554 1134 3614 acta,

201 3637 285 3696 quern
298 3639 373 3681 nunc
388 3624 502 3682 Circum
516 3621 684 3682 Flaminium
700 3624 846 3702 appellant.

1036 3795 1042 3832 l

1159 3707 1170 3816 l
