2622 4194
536 291 637 354 um
651 293 685 350 ll.
716 310 776 351 car.
789 315 820 352 rr.
1099 297 1144 368 ‘m

248 435 291 502 {L
307 433 417 502 Reum
429 441 534 500 deinde
543 439 699 502 divinarum
711 442 807 501 motu
824 455 910 501 cura:
939 453 978 516 ct,
992 443 1057 522 quic
1087 458 1144 505 um-

218 519 276 578 'am
288 522 397 598 publica
410 539 489 578 sacra
501 539 550 597 per
568 521 641 596 ipsos
654 539 734 596 reges
748 521 870 580 factitata
889 533 981 590 mant,
993 541 1031 580 na
1043 523 1082 581 ub
1130 519 1142 584 i

212 616 306 679 regum
332 599 500 656 desiderium
526 610 608 671 esset,
630 617 724 674 regem
750 599 936 657 sacrificulum
962 612 1066 660 creant.
1105 603 1141 662 to

208 677 392 735 sacerdotium
405 675 529 754 pontifici
552 675 708 752 subjecere,
734 695 771 734 ne
792 677 903 735 additus
925 679 1031 736 nomini
1054 679 1143 740 honos

190 753 309 829 sollqoid
323 755 453 822 libertati,
467 755 549 830 eujus
560 765 629 812 tanc
649 755 739 830 prima
755 766 814 812 erat
836 773 912 826 oure,
935 755 1074 815 officeret:
1107 775 1143 816 ac

206 833 312 901 nescio,
327 849 373 900 au,
387 833 470 890 nimis
483 833 606 908 undique
616 851 677 889 eam
702 833 824 890 minimis
836 851 944 909 quoqne
956 835 1039 891 rebus
1052 837 1142 894 moni·

203 911 288 979 endo,
313 913 426 968 modum
449 911 628 969 excesserint.
669 911 800 968 Consulis
820 913 895 970 enim
917 912 1038 984 alterius,
1057 931 1141 988 quum

203 986 273 1046 nihil
288 989 364 1046 aliud
376 990 532 1056 offenderit,
555 1007 658 1046 nomen
671 988 790 1046 inrisum
804 990 908 1047 cirltati
922 989 981 1048 fuit.
1021 994 1040 1027 ‘⁴
1050 991 1080 1048 N
1083 991 1144 1050 imi·

205 1066 223 1100 “
235 1065 282 1124 tim
296 1067 463 1142 Tarquinios
477 1085 565 1142 regno
577 1071 721 1125 assuesce:
754 1067 863 1124 initium
878 1087 895 1124 a
908 1068 1003 1125 Prisco
1017 1067 1141 1126 sactum:

175 1143 226 1197 ro“
237 1146 367 1220 rogatae
379 1146 481 1203 deinde
497 1147 556 1202 Ser.
571 1145 713 1203 Tullium:
740 1164 776 1201 ne
789 1145 931 1202 intervallo
944 1147 1055 1220 quidem
1070 1145 1144 1205 sacto

145 1271 147 1274 .
208 1221 362 1298 “oblitum
383 1235 522 1298 tamquam
546 1222 640 1294 alieni,
663 1223 741 1296 regni
766 1224 923 1298 Superbum
946 1221 1141 1298 Tarquinium,

208 1300 513 1359 “veluthaereditatem
527 1301 626 1376 gentis,
648 1301 752 1357 scelere
774 1319 807 1358 ac
831 1301 856 1357 ri
877 1301 1019 1378 repetisse.
1059 1302 1143 1362 Pulso

206 1380 228 1412 ‘⁴
241 1378 374 1452 Superbo,
387 1397 473 1453 penes
486 1379 654 1436 Collatinum
668 1379 812 1453 imperium
827 1397 896 1436 esse.
937 1379 1056 1436 Nescire
1070 1377 1141 1438 'rac

207 1457 227 1490 “
239 1456 349 1529 quinics
362 1458 477 1531 privatos
489 1457 579 1514 vivere
591 1475 598 1513 :
618 1473 674 1513 non
683 1457 792 1531 placere
803 1477 905 1514 nomen
917 1476 924 1514 ε
953 1457 1140 1534 periculosum

175 1537 226 1587 rs“
238 1531 357 1590 libertati
377 1535 465 1591 esse.''
519 1535 576 1591 llic
598 1533 687 1609 primi)
714 1536 817 1591 sensim
841 1537 1009 1592 tentantium
1036 1535 1142 1594 animos

208 1629 300 1670 sermo
322 1630 370 1687 por
390 1624 471 1670 totum
493 1613 632 1671 civitatem
659 1623 701 1672 est
727 1614 826 1682 datus3
858 1613 1057 1688 sollicitamque
1083 1631 1143 1672 sus·

206 1690 320 1765 picione
341 1691 445 1764 plebem
468 1691 571 1748 brutus
591 1691 626 1747 ad
647 1691 812 1748 concionem
830 1702 918 1748 vocat.
959 1691 1141 1762 Ibiqmnium

207 1769 329 1843 primum
340 1769 528 1844 jusjurandum
545 1769 637 1844 populi
651 1769 767 1838 recitat3
794 1771 935 1827 neminem
949 1789 1066 1846 regnare
1079 1786 1141 1846 pas-

207 1865 297 1912 suros,
311 1865 364 1902 nec
378 1865 436 1902 esse
450 1848 555 1918 Rome,
571 1848 646 1903 unde
659 1847 812 1922 periculum
827 1849 946 1905 libertati
960 1849 1036 1904 foret.
1076 1851 1095 1882 “
1106 1845 1141 1904 Id

173 1938 198 1976 so
207 1927 227 1960 “
239 1928 347 1982 sttmma
359 1943 411 1998 ope
424 1927 554 1982 tuendum
565 1943 645 1982 esse:
679 1943 769 1998 neque
784 1926 867 1982 ullam
880 1945 948 1996 rem,
962 1945 1023 2000 quae
1036 1925 1069 1982 eti
1082 1943 1142 2000 per·

208 2005 227 2038 “
239 2002 336 2066 lineat,
350 2005 590 2072 contemnendam.
627 2003 749 2058 Invitum
762 2021 790 2059 se
804 2004 897 2060 dicere
912 2003 1032 2060 hominis
1046 2005 1140 2078 causi,

209 2083 229 2114 ‘⁴
239 2098 296 2135 nco
309 2079 448 2134 dicturum
464 2079 554 2147 luisse,
575 2081 605 2136 ni
618 2081 717 2136 caritas
731 2081 889 2154 reipublice
904 2082 1034 2138 vinceret.
1074 2081 1140 2138 Non

211 2163 230 2194 “
242 2153 496 2230 crederepopulum
512 2157 680 2227 Romanum,
694 2157 808 2213 solidam
823 2159 978 2216 libertatem
996 2177 1141 2234 recupera·

125 2248 130 2254 ·
209 2241 296 2296 “tam
311 2253 381 2290 esse.
421 2233 542 2307 Regium
555 2253 652 2310 genus,
672 2234 779 2306 regium
803 2253 914 2307 nomen,
939 2255 995 2292 non
1009 2237 1097 2292 solrim
1111 2235 1140 2291 iu

172 2327 199 2364 25
209 2316 229 2352 “
240 2313 360 2381 ciuitate,
372 2312 420 2368 sed
434 2311 515 2366 etiam
529 2311 558 2368 in
572 2310 686 2386 imperio
699 2329 768 2366 esse.
809 2311 841 2366 Id
855 2311 976 2379 officere,
991 2313 1019 2368 id
1032 2313 1141 2368 obstare

207 2391 368 2448 “libertati
410 2390 497 2446 Hunc
509 2389 567 2462 tu‚”
580 2389 677 2462 inquit,
694 2391 711 2422 “
721 2390 768 2444 turi
780 2389 928 2456 volontate,
944 2389 976 2446 L.
992 2387 1139 2464 Tarquini,

207 2474 228 2508 ·‘
239 2487 349 2526 remote
362 2478 475 2524 metum.
503 2465 690 2536 Meminimus,
705 2466 831 2532 fatemur,
846 2467 952 2542 ejecisti
966 2485 1054 2542 reges.
1082 2467 1141 2524 Ab·

146 2573 149 2578 ¹
208 2546 593 2604 “solvebeneficimntuum.
632 2544 1045 2620 Auicrhincregiumnomen.
1079 2541 1142 2602 Res

209 2632 228 2664 “
240 2638 300 2682 tuns
314 2625 363 2681 tibi
378 2643 433 2680 non
445 2621 533 2680 soltim
555 2623 667 2680 reddent
688 2622 762 2678 eires
780 2623 833 2692 ¹tui,
856 2634 967 2681 auctore
981 2641 1045 2692 me3
1079 2623 1139 2690 sed,

175 2710 228 2754 ao“
240 2704 263 2760 si
277 2704 342 2776 quid
356 2703 443 2768 deest,
458 2701 587 2758 munifici
601 2700 747 2776 augebunt.
789 2701 906 2758 Amicus
929 2703 993 2758 abi:
1020 2719 1140 2758 exonera

210 2793 228 2822 “
240 2782 379 2838 civitatem
393 2799 465 2835 vano
474 2778 586 2835 forsitan
600 2791 681 2835 metu.
722 2779 766 2835 lta
782 2797 943 2853 persuasum
965 2789 1008 2835 est
1028 2778 1138 2844 animia,

210 2866 306 2915 “cum
326 2847 409 2934 gente
423 2857 576 2932 Tarquinii
592 2875 705 2932 regnum
726 2857 792 2913 hinc
816 2856 984 2914 abiturum.''
1024 2853 1142 2912 Consnli

209 2936 298 3016 primis
313 2947 368 2993 tam
382 2953 459 2993 nove
472 2935 512 2991 rei
533 2953 566 2990 ac
588 2936 681 2992 subitae
702 2935 846 2992 admiratio
864 2934 1014 2991 incluserat
1034 2949 1138 2989 vocem.

209 3019 311 3076 Dicere
325 3015 427 3071 deinde
440 3012 615 3086 incipientem
637 3014 769 3088 primores
782 3013 899 3068 civitatis
913 3010 1145 3078 circumsistunt

174 3098 306 3154 ³⁵eadem
320 3091 648 3166 multisprecibusorant.
689 3091 725 3148 Et
745 3090 838 3147 ceteri
861 3089 972 3162 quidem
993 3089 1139 3146 movebant

208 3172 315 3232 minois:
342 3182 485 3245 postquam
500 3169 546 3243 Sp.
561 3169 713 3238 Lucretius,
735 3169 821 3243 major
842 3176 921 3222 atate
942 3185 975 3222 ac
993 3166 1137 3242 dignitate,

208 3269 286 3310 socer
300 3261 434 3324 preterea
447 3246 542 3322 ipsius,
555 3266 636 3321 agore
656 3246 738 3312 varie,
758 3244 882 3319 rogando
895 3244 1006 3301 alternis
1020 3245 1140 3300 suaden-

210 3331 307 3404 doque,
321 3327 413 3400 coepit,
428 3336 459 3381 ut
476 3325 550 3381 vinci
572 3343 602 3380 se
615 3343 752 3382 consensu
775 3322 894 3378 civitatis
913 3331 1069 3396 pateretur;
1103 3319 1137 3375 ti·

211 3423 288 3464 mens
311 3404 418 3467 consul,
442 3421 478 3458 ne
499 3403 670 3477 postmodum
690 3403 794 3476 privato
817 3399 869 3456 sibi
889 3401 987 3456 eadem
1002 3399 1052 3454 illa
1072 3413 1136 3454 cum

97 3473 101 3486 ¹
177 3485 342 3544 4⁰boncrum
356 3481 513 3546 amissione,
535 3481 681 3553 additaque
702 3479 755 3535 alic
775 3478 886 3552 insuper
906 3474 1068 3554 ignominii‚
1090 3493 1135 3531 ac·

209 3562 342 3628 ciderent,
352 3558 527 3615 abdicavitse
538 3558 698 3614 consulatu:
712 3557 847 3628 rebusque
856 3555 913 3614 suis
921 3553 1048 3611 omnibus
1056 3551 1137 3612 Lavi·

209 3639 287 3698 nium
301 3638 446 3708 ustulatis,
460 3636 570 3693 civitate
584 3635 676 3692 cessit.
715 3635 824 3690 brutus*
835 3651 869 3690 ex
888 3631 1137 3688 senatis-consulto

207 3719 244 3784 eol
264 3713 394 3798 pabulum
417 3715 488 3788 tulit,
513 3723 544 3772 ut
565 3731 662 3776 omnes
682 3710 841 3788 Tarquiniae
862 3709 952 3786 gentis
975 3701 1082 3763 exsules
1095 3723 1138 3762 ec·
