2622 4194
170 319 229 404 ,dt
554 265 741 389 rrrrrrrrrl

242 415 253 440 l

173 467 244 536 rent,
256 475 347 534 neque
359 457 405 518 illc
423 457 516 527 minda
534 458 687 530 obstinatus
705 458 812 537 ingenti
829 467 942 536 pontem
959 458 1096 534 obtineret

172 535 270 616 preda
296 535 353 614 jem
372 537 476 614 impetu
504 537 675 596 conabuntur
701 537 846 596 detrudere
872 537 980 607 rirum3
1011 555 1097 612 quum

172 613 254 688 simul
269 613 358 690 fragor
377 615 449 690 rupti
462 615 563 691 pontis,
575 615 656 672 simul
670 615 773 674 clamor
786 615 986 688 Romanorum,
1000 615 1097 673 alacri·
1147 673 1150 678 ,

172 699 228 751 tate
277 691 355 750 rsecti
367 692 457 768 operis
469 693 601 759 sublatus,
614 712 714 768 pavore
727 692 817 750 subito
834 692 964 767 impetum
977 692 1097 750 sustinu-

83 783 85 794 ¹
172 765 202 824 it.
271 787 317 828 uru
340 769 448 840 Cocles,
474 769 635 829 “Tiberine
659 771 763 846 pater,”
787 769 882 843 inquit,
902 773 1130 841 “te,'sancte,e

172 845 191 878 “
200 853 306 920 precor,
320 839 380 905 hec
393 865 468 904 arma
480 857 508 904 et
520 849 596 907 buno
616 848 730 904 militem
742 847 859 924 propitio
870 845 985 904 flumine
996 847 1098 923 accipi·

172 924 190 956 “
203 925 259 981 as.''
307 923 351 982 Ite
375 924 416 982 sic
439 936 558 983 armatus
583 925 612 982 in
638 924 764 983 Tiberim
790 924 918 993 desiluit;
950 924 1098 998 multisque

172 999 441 1076 superincidentibus
454 1002 525 1075 telis,
538 1001 684 1060 incolumis
698 1004 732 1060 ad
745 1021 809 1060 suos
829 1001 955 1068 tranavit,
979 1021 1039 1058 rem
1050 1021 1098 1078 qu·

172 1096 220 1142 sus
239 1079 300 1154 plus
320 1079 399 1138 sumu
422 1079 576 1138 habituram
599 1081 634 1136 erl
653 1091 786 1155 posteros,
804 1079 886 1154 quim
899 1079 973 1134 fidei.
1012 1080 1098 1136 Grata

172 1173 240 1230 erga
251 1167 355 1214 tantam
368 1157 495 1216 virtutem
508 1157 604 1214 civitas
617 1157 684 1214 fuit:
714 1167 803 1214 statua
823 1157 851 1215 in
870 1156 981 1212 comitio
993 1157 1132 1232 posita31o

172 1233 232 1308 egri
253 1245 384 1307 quantum
408 1254 462 1292 uno
474 1235 519 1292 die
540 1233 741 1306 circumaravit,
762 1234 866 1292 datum.
911 1233 1021 1290 Privata
1033 1253 1099 1308 quo-

173 1328 226 1384 que
240 1310 311 1368 inter
323 1312 447 1386 publicos
459 1313 576 1370 honores
589 1313 679 1368 studia
691 1311 868 1370 eminebant:
893 1329 968 1377 nam,
981 1311 1010 1367 in
1024 1329 1101 1386 mag·

172 1387 211 1444 nd
236 1388 338 1464 inopi-b,
362 1408 412 1464 pro
435 1389 595 1446 domesticis
620 1389 707 1464 copiis
728 1389 914 1464 unusquisque
934 1388 960 1446 ei
986 1387 1097 1462 aliquid,

173 1463 305 1536 fraudans
316 1485 347 1524 se
359 1467 418 1544 ipse
431 1467 506 1532 victu
518 1485 577 1542 suo,
590 1467 715 1526 contulit.

211 1621 265 1678 XI.
286 1623 416 1697 Porsena,
429 1623 517 1698 primo
530 1635 630 1682 conatu
652 1623 786 1698 repulsus,
805 1620 929 1680 coneiliis
948 1621 983 1678 ab
995 1639 1099 1698 oppug·
1108 1641 1131 1678 15

174 1699 268 1756 nandi
281 1699 348 1756 urbe
361 1701 396 1757 ad
408 1701 588 1758 obsidendam
608 1702 701 1771 versis,
723 1700 852 1775 praesidio
875 1699 903 1756 in
918 1698 1047 1756 Jeniculo
1060 1698 1100 1756 lo·

173 1787 245 1844 cato,
260 1775 318 1851 ipse
330 1777 361 1834 iu
372 1777 453 1852 plano
469 1776 590 1852 ripisque
609 1777 721 1835 Tiberis
743 1789 833 1834 castra
851 1777 957 1852 posuit3
984 1776 1099 1842 navibus

174 1853 295 1928 undique
309 1854 418 1926 accitis,
433 1868 461 1910 et
474 1855 509 1910 ad
522 1855 685 1922 custodium,
699 1873 734 1912 ne
751 1854 817 1929 quid
836 1855 957 1912 Romam
970 1852 1099 1911 frumenti

174 1931 290 1988 subvehi
311 1931 422 1998 sineret,
445 1941 474 1989 et
493 1942 524 1989 ut
543 1933 695 2006 predatum
715 1931 815 1990 milites
837 1943 913 1989 trans
932 1929 1035 1987 flumen
1051 1949 1100 2006 per

174 2009 337 2066 occasiones
357 2009 417 2066 aliis
437 2009 590 2084 atquealiis
611 2009 678 2066 locis
697 2009 851 2085 trajiceret:
882 2007 1009 2082 brevique
1030 2007 1133 2066 edebat
1164 2069 1165 2078 ,

173 2086 305 2143 infestum
318 2105 428 2144 omnem
441 2086 602 2144 Romanum
624 2105 720 2162 ugrum
739 2086 868 2152 reddidit,
890 2095 988 2141 utnon
1002 2096 1101 2142 cetera

175 2161 265 2220 solrim
278 2182 313 2220 ex
327 2164 408 2239 agris,
422 2163 471 2220 sed
483 2182 569 2238 pecus
586 2183 694 2238 quoque
709 2182 793 2221 omne
804 2163 833 2220 iu
847 2163 942 2219 urbem
955 2163 1101 2236 compelle-

175 2251 260 2308 retur,
274 2259 362 2316 neque
375 2241 519 2316 quisquam
531 2251 608 2298 extre
618 2253 708 2316 portas
716 2240 864 2316 propellere
876 2240 997 2297 auderet
1037 2237 1100 2297 Hoc

175 2329 282 2375 tantum
297 2319 415 2376 licentiae
438 2318 572 2386 Etruscis,
595 2337 653 2376 non
671 2329 748 2375 metu
767 2317 865 2391 magis,
880 2318 961 2390 quim
972 2314 1100 2390 'conmliq

177 2397 360 2453 concessumr'
376 2415 495 2468 nemque
517 2395 644 2452 Valerius
664 2394 770 2460 consul,
790 2393 912 2450 intentus
932 2393 960 2450 in
981 2393 1134 2453 occasio-ss

176 2491 241 2528 uem
254 2473 353 2530 multus
366 2472 447 2528 simul
460 2481 487 2528 et
499 2472 599 2528 effusos
621 2469 768 2546 improviso
789 2471 944 2542 adoriendi,
967 2470 995 2526 in
1013 2471 1102 2544 parvis
1173 2491 1180 2498 “

176 2549 259 2606 rebus
272 2549 416 2624 negligens
430 2549 508 2619 ultor,
526 2567 636 2624 gravem
650 2548 728 2606 seed
745 2545 848 2622 majora
861 2547 1000 2606 vindicem
1012 2566 1104 2606 serva·

177 2625 233 2682 bat.
273 2625 379 2700 Itaque,
393 2637 423 2682 ut
435 2625 547 2682 eliceret
558 2626 733 2700 praedetoreS,
754 2625 839 2682 edicit
856 2626 922 2692 suis,
936 2636 1043 2704 ppstero
1056 2625 1101 2684 die

81 2751 84 2764 .
118 2735 121 2738 ·
177 2703 335 2778 frequentes
348 2703 425 2782 porti
438 2703 591 2776 Esquilini,
609 2722 672 2777 quae
692 2702 863 2760 aversissima
884 2703 918 2758 ab
939 2703 1016 2758 hoste
1034 2711 1102 2772 erat,

177 2780 346 2857 expellerent
358 2800 459 2856 pecus3
479 2780 595 2854 scituros
608 2781 636 2838 id
656 2781 748 2839 hostes
767 2791 850 2852 ratus,
870 2780 942 2854 qudd
960 2779 989 2835 in
1003 2779 1138 2840 absidi-u

110 2865 111 2870 ’
177 2878 232 2916 one
252 2869 279 2916 et
300 2857 371 2916 ieme
394 2857 502 2915 servitia
521 2857 605 2914 infide
625 2857 834 2934 transfugerent
873 2857 910 2914 Et
932 2858 1022 2915 sciere
1043 2875 1101 2934 per-

180 2937 252 3012 fuge
265 2937 387 3006 indicio;
407 2933 547 3009 multoque
560 2937 662 3010 plures,
674 2946 704 2992 ut
716 2937 744 2991 in
758 2953 834 3010 spem
848 2936 979 2991 universae
992 2935 1100 3008 praedae,

180 3011 283 3070 flumen
300 3015 448 3090 trajiciunt·
487 3013 517 3070 P.
538 3012 666 3070 Valerius
690 3010 754 3070 inde
780 3013 816 3070 Τ.
841 3011 1015 3070 Herminium
1037 3029 1102 3067 cum

178 3091 298 3147 modicis
311 3092 397 3168 copiis
410 3091 444 3152 ad
466 3092 618 3148 secundum
638 3090 756 3166 lapidem
777 3089 887 3146 Gabinia
905 3087 950 3143 viai
961 3087 1102 3144 occultum

86 3220 88 3227 s
181 3167 325 3225 considere
335 3169 430 3244 jubet3
460 3169 507 3243 Sp.
530 3167 654 3225 Lartium
674 3186 739 3224 cum
758 3165 886 3242 expeditis
903 3164 1045 3242 juventute
1067 3163 1139 3223 ades

180 3255 287 3322 portam
300 3245 436 3312 Collinam
457 3256 538 3313 stare,
559 3245 649 3302 donec
668 3244 753 3302 hostis
772 3252 928 3319 praetereat;
958 3241 1061 3297 deinde
1072 3259 1103 3298 se

181 3322 312 3398 objicere,
326 3341 361 3379 ne
374 3324 409 3380 sit
422 3324 456 3381 ad
470 3321 572 3394 flumep
585 3323 697 3380 reditus.
737 3321 887 3378 Consulum
908 3320 984 3389 alter,
997 3317 1034 3375 Τ.
1048 3317 1104 3376 Lu·

183 3400 295 3468 cretius,
308 3401 386 3474 porti
405 3399 504 3457 Nerirl
526 3419 590 3457 oum
612 3399 713 3474 aliquot
726 3397 874 3475 manipulis
883 3397 1000 3454 militum
1013 3413 1106 3472 egres·

184 3497 246 3537 sus:
268 3478 326 3554 ipse
338 3478 466 3535 Valerius
485 3477 575 3535 Coelio
595 3488 687 3534 monte
707 3475 834 3534 cohortes
854 3476 974 3533 delectas
990 3473 1104 3533 educitr

184 3555 268 3632 hique
290 3555 371 3632 primi
394 3558 547 3632 'apparuere
572 3555 652 3612 hosti.
692 3554 862 3620 Herminius,
883 3552 931 3609 ubi
957 3551 1137 3610 tumultantes

186 3633 281 3706 sensit,
294 3633 433 3690 concurrit
445 3650 481 3690 ex
494 3632 609 3704 insidiis,
627 3633 763 3708 versisque
776 3631 806 3688 in
818 3629 958 3688 Valerium
971 3627 1104 3700 Etruscis,

146 3729 154 3738 ⁵
185 3719 264 3792 terga
276 3711 373 3770 cedit:
394 3710 490 3768 dextre
501 3709 629 3786 levique,
650 3711 716 3768 hinc
729 3729 745 3766 s
757 3709 835 3785 porti
847 3707 967 3776 Cottius,
981 3705 1058 3764 illinc
1069 3703 1106 3762 ab
