2622 4194
132 359 136 372 ,
162 309 206 384 ¹ol
501 357 504 363 ,
550 307 617 360 τιτι
632 309 715 362 urm

164 449 258 526 ⁴utrius
269 450 363 528 populi
376 449 495 524 Horatii,
508 450 595 508 utrina
609 451 726 512 Curiatii
739 451 849 512 fuerint
880 453 1016 512 ductores
1027 462 1101 512 utro

164 547 223 603 ,que
236 530 367 588 trahunt:
386 530 478 605 plures
490 538 584 586 tamen
602 529 720 598 invenio,
743 530 790 604 qui
812 530 957 588 &manoe
971 531 1102 589 Horatios
1121 584 1126 595 ,

169 618 300 670 νοοοιιιε,
319 609 369 666 hoe
382 619 413 666 ut
425 625 532 681 sequar,
555 606 671 664 inclinat
693 607 810 665 animus.
850 607 923 666 Cum
947 608 1103 684 trigeminis

170 694 258 758 agunt
272 685 361 762 reges,
375 695 406 742 ut
417 703 466 760 pro
484 685 533 741 eui
555 684 670 758 quisque
693 685 778 759 patrii
792 684 927 743 dimicent
940 685 1030 743 ferro:
1064 686 1103 756 ibi

171 760 318 836 imperium
332 763 399 834 fore,
413 762 487 818 unde
499 760 615 818 victoria
627 762 718 819 fuerit.
757 763 835 820 Nihil
849 774 993 822 recusatur
1005 783 1012 821 r
1033 773 1103 822 tem·
1122 782 1137 826 a

170 857 224 914 pus
236 850 265 896 et
276 840 354 898 locus
366 839 504 897 convenit.
544 839 706 914 Priusquam
719 841 894 908 dimicarent,
913 841 1003 899 foedus
1016 841 1104 899 ictum

71 927 74 945 '
172 917 244 974 inter
257 917 400 975 Romanos
412 928 440 974 et
453 917 577 974 Albanos
590 927 632 974 est
642 918 685 974 his
694 917 812 993 legibus,
823 929 862 986 ut,
873 919 1008 994 cujusque
1018 937 1117 994 popu-7

114 1011 115 1014 ¹
170 991 193 1054 li
207 993 281 1052 cives
303 1015 337 1052 eo
359 994 511 1052 certamine
531 994 669 1066 vicissent,
683 995 707 1051 ie
729 996 807 1052 alteri
829 997 930 1072 populo
953 1015 1019 1058 cum
1032 997 1106 1056 boui

173 1089 243 1146 pace
266 1073 441 1148 imperitaret.
481 1071 600 1128 Foedera
613 1072 666 1128 alia
683 1072 744 1130 eliis
766 1073 883 1148 legibue,
907 1073 1037 1131 ceterdm
1061 1093 1106 1132 eo

174 1148 239 1204 dem
253 1152 333 1208 modo
346 1151 448 1216 omnia,
462 1150 540 1206 liunt.
580 1149 656 1206 Tum
670 1149 710 1206 ita
732 1151 834 1208 sactum
859 1152 1027 1226 accepimus,
1051 1171 1140 1211 neo1o

174 1226 259 1288 ullius,
269 1229 402 1297 ¹vetustior
426 1227 536 1284 foederis
558 1228 691 1284 memoria
703 1238 753 1285 est.
793 1228 914 1286 Feoialis
927 1247 1022 1304 regern
1035 1229 1106 1288 Tul·

170 1299 233 1360 ‘lum
247 1305 286 1369 ita
294 1307 418 1382 rogavit:
438 1309 456 1340 “
468 1305 591 1361 Jubeaue
602 1323 656 1376 me,
670 1324 727 1376 rex,
741 1325 805 1364 cum
819 1318 895 1382 putre
905 1317 1012 1381 patrato
1022 1325 1108 1382 popu·
1142 1329 1148 1342 ²

173 1381 224 1438 “li
239 1383 342 1441 Albani
355 1384 445 1440 soedus
457 1382 538 1438 ferire
549 1383 583 1438 l'’
624 1383 746 1440 lubente
759 1402 834 1458 rege,
856 1387 876 1419 “
887 1383 1052 1460 Sagmiua‚'‘
1066 1385 1107 1440 in-

175 1459 243 1532 quit,
257 1464 276 1495 “
287 1472 325 1534 te,
338 1481 396 1529 rex,
410 1461 517 1536 posco.''
558 1459 624 1516 Rex
639 1459 685 1532 ait,
699 1461 830 1517 “Puram
843 1462 958 1519 tollito.”
986 1461 1110 1519 Fecialia

173 1555 288 1598 exerce
302 1539 433 1614 graminis
447 1538 559 1596 herbum
572 1557 669 1612 puram
683 1537 790 1595 attulit:
810 1549 905 1612 postea
915 1539 1056 1614 regemita
1065 1559 1108 1597 ro·
1118 1560 1142 1600 ra

175 1616 269 1688 gavit:
289 1621 306 1652 “
321 1618 393 1684 Rex,
407 1617 510 1674 facisne
524 1635 568 1672 me
582 1625 611 1672 tu
622 1615 729 1690 regium
739 1615 867 1673 nuntium
878 1618 971 1691 populi
985 1617 1108 1674 Romani

176 1691 383 1754 “Quiritiumr
411 1711 483 1763 vasa,
508 1693 676 1766 comitesque
699 1695 822 1749 meost'³
863 1694 929 1751 Rex
949 1695 1106 1770 respondit:

175 1769 293 1830 “Quod
307 1772 367 1828 siue
379 1769 474 1826 t'raude
487 1772 549 1828 med
571 1770 718 1844 populique
742 1771 864 1832 Romani
884 1771 1038 1832 Quiritium
1052 1772 1111 1844 fiat,

152 1847 197 1882 '“
210 1848 309 1907 facio.''
349 1847 468 1907 Fecialis
481 1857 540 1904 erat
553 1847 593 1904 M.
608 1848 754 1905 Valerius:
786 1859 894 1924 patrem
907 1859 1044 1924 patratum
1059 1851 1108 1925 Sp.

179 1924 295 1986 Fusium
318 1927 391 1997 fecit,
414 1925 532 1982 verbena
556 1936 640 2000 caput
665 1925 831 2000 capillosque
854 1937 980 2002 tangere.
1028 1926 1145 1988 Paterae

178 2013 301 2078 patratus
314 2008 349 2064 ad
358 2003 550 2080 jusjurandum
563 2004 737 2078 putrentium,
761 2003 790 2060 id
808 2014 859 2072 est,
882 2003 1067 2061 sanciendum
1080 2004 1111 2061 lit

179 2081 287 2154 fredum
301 2121 303 2126 -
317 2081 462 2156 multisque
474 2081 504 2138 id
517 2081 616 2154 verbis,
629 2100 690 2156 quae
710 2081 793 2158 longo
814 2081 899 2139 effata
918 2082 1042 2139 carmine
1055 2101 1111 2139 nou

176 2178 270 2296 uu
283 2159 1113 2300 u‘illariu-,erratuumutrum:

178 2317 199 2351 rt
211 2259 456 2392 aiidiliiriupiripulue
469 2257 613 2384 illbarium
627 2283 660 2371 ui
668 2257 715 2376 iiie
727 2257 819 2390 paiitm
832 2257 1068 2389 pririippostrema
1078 2280 1113 2371 eri
1121 2336 1147 2376 τις

176 2397 199 2430 ·“
209 2396 264 2454 illis
277 2395 376 2453 tabulis
389 2394 487 2449 cordae
501 2393 616 2449 recitata
628 2401 702 2458 eunt,
721 2391 784 2448 sine
799 2392 862 2449 dolo
875 2391 957 2458 malo,
972 2390 1066 2466 utique
1080 2411 1114 2449 ea

178 2474 200 2508 ⁴‘
212 2474 259 2529 hic
272 2471 353 2530 hodie
367 2469 520 2526 rectissime
544 2468 685 2526 intellecta
707 2478 781 2540 aunt,
804 2469 858 2526 illis
875 2469 984 2544 legibus
996 2470 1114 2544 populus

181 2550 356 2607 “Romanus
382 2546 454 2621 prior
482 2565 538 2604 non
561 2546 681 2603 deliciet.
730 2546 762 2603 Si
784 2547 857 2622 prior
871 2546 981 2605 defexit
1002 2547 1115 2623 publico

182 2630 201 2662 “
212 2627 334 2696 consilio,
349 2625 411 2697 dolo
424 2623 516 2692 mel03
542 2634 572 2680 tu
585 2624 632 2681 illo
645 2623 700 2692 die,
724 2623 842 2700 Jupiter,
866 2625 997 2701 populum
1011 2626 1115 2683 Roma·
1153 2631 1155 2634 '

181 2709 201 2742 ‘⁴
212 2725 279 2762 nuru
301 2703 343 2760 eic
366 2702 454 2774 ferito,
477 2711 509 2758 ut
531 2721 584 2778 ego
607 2703 683 2770 hunc
705 2721 820 2778 porcum
841 2702 889 2761 hic
904 2703 985 2760 hodie
999 2703 1151 2762 feriammo

180 2783 342 2855 “tantoque
355 2779 444 2855 magia
458 2780 546 2848 serito,
560 2779 664 2854 quanto
677 2781 766 2856 magis
778 2792 857 2856 potes
869 2781 1040 2856 pellesque.''
1073 2777 1115 2839 'Id

182 2863 231 2921 ubi
244 2859 322 2927 dixit,
335 2877 530 2935 porcum—saxo
543 2858 620 2916 silice
633 2859 778 2934 percussit.
819 2861 878 2916 Sua
901 2859 968 2917 item
991 2859 1135 2926 carmina]¹
1162 2887 1165 2932 g

184 2938 287 2997 Albani
299 2954 434 3010 suumque
445 2936 638 3011 jusjurmdum
659 2956 709 3013 per
726 2956 809 2994 suum
821 2937 984 2996 dictatorem
998 2954 1117 3010 suosque
1162 2953 1163 2958 ¹

145 3035 146 3040 ¹
182 3016 341 3074 sacerdotes
354 3025 529 3091 peregerunt
1077 3017 1079 3021 ’

223 3172 317 3230 XXV.
351 3171 469 3230 Foedere
492 3173 558 3245 icto,
571 3173 722 3250 trigemini,
745 3173 818 3231 siout
840 3182 1018 3245 convenerat,
1042 3189 1155 3238 armam

185 3250 309 3327 capiunt
349 3249 446 3312 Quum
460 3251 503 3308 sui
516 3262 644 3326 utrosque
657 3253 877 3318 adhortarentur,
890 3254 910 3288 “
921 3251 997 3308 Deos
1006 3243 1118 3325 patrios,

185 3334 206 3368 “
217 3327 341 3407 patriam,
356 3347 390 3384 ac
402 3339 540 3403 parentes,
563 3330 696 3410 quidquid
710 3329 812 3388 civium
835 3329 920 3403 domi,
943 3328 1076 3404 quidquid
1090 3328 1121 3395 in

183 3412 206 3445 ⁴¹
217 3407 340 3467 exercitu
353 3406 398 3477 sit,
412 3405 521 3464 illorum
532 3417 601 3465 tuuc
614 3427 699 3480 arma,
723 3407 831 3464 illorum
854 3407 957 3465 intueri
975 3425 1074 3478 manus
1086 3425 1093 3476 3
1103 3405 1121 3433 ''

187 3487 293 3544 seroces
306 3495 335 3542 et
347 3493 443 3558 mepte
456 3485 578 3560 ingenio,
598 3496 627 3543 et
648 3485 724 3561 pleni
738 3486 941 3544 adhortantium
955 3484 1078 3551 vocibus,
1092 3484 1122 3540 in

188 3563 311 3620 medium
324 3563 396 3620 inter
409 3561 478 3618 duas
491 3564 566 3620 ecies
579 3565 741 3638 procedunt.
782 3563 975 3621 consederant
985 3563 1121 3636 utrimque
1130 3585 1156 3625 ω

189 3658 239 3716 pro
252 3641 349 3699 castris
362 3640 417 3697 duo
440 3642 589 3708 exercitus,
613 3641 729 3716 periculi
752 3642 841 3717 magis
863 3641 1015 3716 praesentis,
1039 3640 1122 3716 quim

188 3735 272 3792 cura,
294 3728 439 3795 expertes:
470 3719 569 3795 quippe
592 3719 738 3796 imperium
760 3721 901 3798 agebatur,
925 3721 955 3780 iu
978 3735 1034 3778 tarn
1057 3733 1137 3794 puuw
