2622 4194
547 339 650 394 trualt
665 335 686 393 l.
702 347 762 394 osi.
773 358 823 392 rm.
1092 339 1093 346 ’
1129 343 1149 404 n

223 491 358 544 nosceret.
398 482 442 541 Ita
455 483 649 561 undiquercgr
642 486 742 543 'dolus
755 485 883 543 nectitur.
923 482 1071 556 Romulus,
1091 501 1148 542 non

224 581 288 622 cum
309 561 420 638 globo
410 579 550 651 Juvenum
566 561 633 637 (aec
652 564 728 622 enim
748 573 807 620 erat
826 562 898 620 ad
873 581 929 620 vrm
941 572 1063 637 apertam
1075 562 1149 650 par),

224 641 272 698 sed
285 640 346 703 aliis
358 638 432 696 alio'
426 639 524 696 ttinere
541 639 624 728 jussis
637 652 712 698 certo
732 651 855 716 tempore
875 641 910 697 nd
930 639 1035 714 regiam
1055 638 1150 696 venire

222 718 386 793 pastoribus,
400 717 434 772 ad
447 735 540 792 regem
564 717 696 792 impetum
719 717 802 775 facit:
823 727 851 774 et
864 737 880 774 a
892 719 974 774 domo
996 716 1151 773 Numitoris

202 795 278 868 ,alia
290 793 449 870 comparati
461 813 545 851 manu
558 795 668 870 adjuvat
680 796 807 852 Remus:
821 796 859 853 ita
868 813 963 871 regem
976 794 1150 852 obtruncant.

272 949 324 1006 Vl.
354 949 493 1017 Numitor,
512 949 584 1007 lnter
602 950 721 1025 primunr
740 951 888 1009 tumultum
908 952 1000 1008 hostes
1019 949 1152 1006 invasisse

225 1027 322 1084 urbem
333 1037 414 1102 atque
425 1029 533 1084 adortos
541 1028 645 1102 regiam
656 1029 795 1095 dictitans,
807 1047 891 1103 quum
901 1029 1002 1104 pubem
1013 1027 1152 1084 Albanam

225 1105 254 1162 in
278 1120 371 1162 arcem
393 1106 520 1180 pracsidio
540 1106 676 1180 armisque
698 1106 877 1162 obtinendam
900 1106 1059 1174 arocdsset3
1081 1115 1154 1180 post·

227 1197 308 1256 quam
328 1183 452 1257 juvenes,
465 1184 621 1257 perpetrati
641 1184 727 1249 cede,
741 1200 856 1259 pergere
880 1184 915 1241 ad
935 1202 964 1239 se
985 1148 1154 1258 gratulantes
1176 1227 1180 1232 .

197 1293 220 1330 10
230 1260 296 1315 vidit
285 1260 454 1334 t,extemplo
467 1260 599 1316 advocato
612 1260 739 1332 concilio,
753 1261 878 1318 scelera
871 1279 900 1318 ιιι
914 1279 943 1317 se
956 1260 1055 1331 fratris,
1073 1259 1154 1334 origi·

229 1353 294 1392 nem
317 1347 457 1411 nepotum,
470 1347 501 1392 ut
513 1336 609 1411 geniti,
622 1346 653 1393 ut
665 1338 785 1406 educati,
809 1349 839 1396 ut
861 1338 966 1413 cogniti
988 1347 1088 1407 essent,
1103 1355 1156 1392 cre·

229 1415 294 1470 dem
307 1415 439 1488 deinceps
461 1414 578 1488 tyranni,
592 1433 674 1488 seque
694 1416 755 1491 ejus
776 1427 916 1474 auctorem
938 1414 1066 1472 ostendit.
1107 1414 1156 1474 Ju-

229 1510 323 1558 venes,
336 1511 385 1566 per
398 1491 516 1548 mediam
530 1492 694 1548 concionem
707 1493 817 1582 agmine
836 1493 963 1567 ingressi,
977 1510 1060 1565 quum
1075 1509 1155 1547 avum

230 1585 323 1644 regem
336 1569 508 1639 salutassent,
522 1581 618 1625 secuta
637 1587 674 1625 ex
693 1570 768 1627 omni
792 1570 967 1626 multitudine
980 1569 1158 1625 consentiens

199 1664 282 1716 15vox
295 1657 384 1702 ratum
397 1665 499 1702 nomen
512 1647 711 1720 imperiumque
734 1648 792 1722 regi
813 1648 913 1704 effecit.
954 1647 997 1702 Ita
1017 1645 1156 1702 Numitori

232 1724 343 1780 Albani
355 1724 488 1798 permissu
501 1743 540 1794 re,
554 1724 706 1780 Romulum
726 1725 903 1798 Remumque
917 1723 1017 1797 cupido
1030 1723 1112 1796 cepit,
1127 1723 1157 1778 in

232 1801 266 1857 iis
278 1802 355 1872 locis,
369 1801 416 1856 ubi
429 1801 554 1874 expositi,
568 1801 670 1874 ubique
682 1802 794 1857 educati
804 1814 892 1868 erant,
902 1802 977 1857 urbis
987 1799 1159 1856 condendas

232 1889 261 1934 et
280 1887 419 1953 supererat
438 1877 584 1935 multitudo
605 1878 777 1934 Albanorum
798 1878 1022 1950 Latinorumque.
1062 1877 1109 1932 Ad
1129 1877 1158 1932 id

232 1967 358 2029 pastores
366 1971 474 2028 quoque
486 1966 662 2012 accesserant
664 1955 730 2029 ,qui
742 1970 838 2012 omnes
849 1955 928 2012 facile
940 1973 1016 2029 spem
1026 1953 1160 2023 iacerent,

200 2051 344 2104 fflparram
363 2033 464 2086 Albam
467 2051 599 2104 ,parvum
619 2001 775 2100 Laiinium,
797 2052 852 2108 prae
873 2033 908 2088 eri
923 2033 1000 2096 urbe,
1016 2049 1076 2104 quae
1094 2049 1160 2087 con

236 2110 356 2178 deretur,
375 2107 440 2162 fore.
480 2108 631 2166 Intervenit
651 2110 752 2166 deinde
766 2111 809 2166 his
831 2108 1044 2184 cogitationibus
1057 2108 1160 2164 avitum

154 2199 156 2215 ¹
235 2185 349 2251 malum,
362 2203 442 2258 regni
434 2184 575 2256 cupid03
595 2196 675 2257 atque
688 2186 753 2240 inde
767 2187 870 2242 foedu'm
884 2195 1023 2242 certamen
1037 2195 1161 2241 coortum

236 2262 330 2317 asatis
343 2261 403 2317 miti
423 2258 567 2335 principio.
606 2260 750 2320 Quoniam
763 2263 867 2336 gemini
888 2271 988 2330 essent,
1001 2279 1055 2316 nec
1076 2261 1162 2316 aetatis

235 2339 403 2394 verecundia
425 2338 574 2394 discrimen
599 2337 690 2393 iacere
714 2349 814 2412 posset,
828 2348 858 2394 ut
872 2337 928 2404 Dii,
942 2355 1056 2410 quorum
1069 2336 1162 2392 tutelae

203 2451 227 2488 2,
236 2434 269 2472 ea
281 2417 343 2473 loca
355 2426 456 2486 essent,
470 2415 592 2489 auguriis
605 2414 736 2489 legerent,
747 2415 794 2488 qui
805 2434 905 2471 nomen
917 2433 993 2470 novae
1005 2413 1065 2469 urbi
1076 2413 1162 2484 daret,

237 2494 282 2565 qui
305 2494 445 2549 conditam
465 2493 579 2566 imperio
601 2502 718 2566 regeret,
733 2493 868 2549 Palatium
893 2491 1040 2562 Romulus,
1055 2491 1164 2548 Remus

238 2571 417 2637 Aventinum,
432 2571 466 2626 ad
480 2570 712 2644 inaugurandum,
724 2571 826 2645 templa
838 2570 960 2645 capiunt.

276 2725 343 2782 VII.
363 2725 450 2782 Priori
464 2726 557 2782 Remo
570 2725 716 2814 augurium
729 2726 836 2782 venisse
850 2726 944 2797 fertur,
958 2743 1006 2781 sex
1026 2725 1164 2780 vultures:

193 2809 197 2816 '
237 2803 358 2878 jamque,
372 2801 497 2859 nuntiato
520 2821 645 2878 augurio,
658 2822 743 2876 quum
766 2804 866 2878 duplex
889 2821 1021 2859 numerus
1044 2801 1166 2857 Romulo

207 2899 270 2956 mse
283 2880 447 2936 ostendisset
450 2891 616 2954 ‚utrumque
629 2899 723 2954 regem
744 2899 794 2936 sua
813 2881 959 2937 multitudo
979 2877 1167 2934 consalutare·

240 2970 298 3015 rat:
326 2967 447 3050 tempore
470 2958 509 3014 illi
531 2969 676 3033 precepto,
697 2970 725 3014 at
749 2959 776 3014 hi
797 2977 912 3015 numero
932 2955 1031 3025 avium,
1050 2974 1167 3030 regnum

240 3035 424 3093 trahebant.
443 3033 523 3101 Inde,
550 3054 614 3091 cum
640 3035 816 3092 altercatione
842 3033 992 3123 congressi,
1016 3034 1167 3091 certamine

241 3114 341 3170 irarum
356 3113 391 3168 ad
404 3113 510 3168 caedem
523 3122 683 3168 vertuntur:
704 3113 762 3168 ibi'
756 3131 783 3168 m
797 3112 898 3170 turbai
892 3122 963 3167 rctus
976 3111 1085 3168 Remus
1095 3111 1169 3168 ccci-

240 3191 289 3247 dit.
330 3189 475 3264 Vulgatior
489 3189 562 3246 sama
574 3199 624 3258 est,
638 3189 756 3247 ludibrio
769 3189 859 3246 fratris
869 3189 992 3245 Remum
1002 3209 1087 3247 novos
1097 3200 1170 3246 tran·

209 3268 349 3361 Ξειιιιιιειι
362 3286 473 3324 muros:
492 3267 557 3324 inde
577 3267 632 3323 ab'
625 3278 694 3324 irato
714 3266 836 3324 Romulo
850 3269 946 3339 (quum
960 3267 1049 3322 verbis
1061 3284 1169 3339 quoque

211 3363 230 3388 e
211 3345 412 3420 ,increpitans
425 3345 612 3420 adjecisset,⁴
614 3345 682 3400 ‘Sic
695 3344 807 3410 deinde,
820 3343 986 3418 quicumque
1008 3343 1078 3399 alius
1097 3352 1261 3398 tran-1

217 3445 231 3472 υ
224 3427 261 3452 “
271 3423 342 3480 sitiet
351 3422 455 3480 muenia
465 3423 572 3510 mea”)
583 3421 769 3479 intersectum.
802 3420 845 3477 lte
858 3421 931 3478 solus
943 3421 1044 3496 potitus
1054 3419 1170 3494 imperio

217 3503 232 3532 ⁴
246 3497 413 3594 Romulus,
413 3499 525 3556 condita
537 3499 602 3554 urbs
615 3498 765 3556 conditoris
778 3497 890 3554 nomine
910 3498 1053 3588 appellata.
1093 3495 1171 3554 Pala·

211 3575 315 3649 {tium
327 3577 454 3651 primunr,
468 3577 498 3632 in
510 3593 565 3650 quo
577 3576 635 3650 ipse
648 3587 707 3632 erut
719 3576 863 3644 educatus,
877 3576 993 3634 ιιιιιιιιιι.
1017 3591 1096 3630 sacra
1108 3573 1171 3630 Diis

217 3637 307 3743 :iuliis
330 3653 439 3711 Albano
461 3653 525 3719 ritu,
546 3653 646 3710 Grmeo
669 3652 795 3718 Herculi,
809 3663 840 3708 ut
851 3653 887 3709 ab
899 3652 1029 3710 Evandro
1047 3651 1173 3708 instituta

211 3715 335 3802 lienam,
358 3729 432 3788 lacit.
478 3731 660 3789 Herculem'
653 3749 683 3788 ιιι
705 3749 740 3787 ea
761 3730 830 3800 loca,
850 3731 979 3804 Geryone
998 3727 1171 3802 interempto,
