2622 4194
544 345 644 409 trabi
659 343 680 407 i.
711 357 769 408 aab.
781 363 852 406 ηπ.
1129 347 1168 414 63

273 496 362 560 XLV.
394 497 487 558 Aucll
499 501 613 558 'divitaie
625 499 816 576 nmgnitudin'e
837 497 922 566 urbis,
941 491 1165 556 molismi·

235 578 288 638 bus
300 580 371 638 dorni
385 591 413 636 et
425 580 461 636 ad
475 579 539 636 beili
548 585 577 635 et
591 580 625 635 ad
638 579 716 654 pacis
730 584 806 650 usus,
830 592 866 634 ns
879 587 988 651 semper
1001 577 1086 633 errnls
1097 587 1165 652 oper

234 659 449 732 acquirerentur,
464 657 579 714 consilio
594 673 696 732 augere
719 655 865 730 imperinm
885 667 1002 711 oonatrts
1015 663 1065 724 est,
1080 651 1164 712 simei

157 781 158 792 ,
232 737 306 793 etsli
326 737 380 792 uod
394 736 496 792 addere
510 735 570 791 urbi
584 735 679 791 decus.
719 734 781 790 Jarn
805 741 864 790 turn
888 743 946 788 erat
966 731 1022 788 incl
1053 749 1101 789 um
1114 733 1167 790 Di-

212 829 289 870 sanae
304 753 433 889 iiphesioe
447 813 557 869 lanum:
578 813 606 869 id
620 813 803 870 communiter
817 828 834 867 a
846 811 1003 868 civitatibus
1044 811 1093 866 siae
1106 811 1165 870 iac·

228 897 287 947 tum
302 891 377 948 furna
390 891 502 946 ferebat.
542 890 641 951 Quum
659 907 826 946 consensum
849 887 977 962 Deosque
991 889 1166 946 consociatos

226 967 353 1030 laudaret
366 969 435 1025 mire*
449 968 561 1024 Servius
575 969 647 1024 inter
659 985 787 1044 proceres
800 967 971 1033 Latinorum,
986 985 1051 1023 eum
1064 968 1166 1040 quibus

226 1045 340 1120 publici
355 1048 533 1121 privatimque
548 1047 665 1120 hospitia
683 1045 873 1118 amicitiasque
887 1046 921 1101 de
936 1045 1072 1101 industrii
1081 1045 1165 1120 junx·
1197 1111 1199 1118 Α

227 1136 303 1194 erat3
324 1143 397 1199 sape
411 1125 536 1180 iterando
553 1125 663 1190 eadem,
684 1123 803 1198 perpulit
826 1123 946 1192 tandem,
968 1135 998 1179 ut
1011 1123 1112 1179 Rome
1126 1123 1164 1180 sa·

196 1217 221 1254 1o
229 1219 296 1258 num
320 1203 417 1258 Dianae
439 1202 532 1276 populi
556 1202 648 1258 Latini
671 1219 736 1257 cum
756 1201 856 1275 populo
879 1201 1007 1257 Romano
1031 1201 1165 1258 lacerent.

229 1279 273 1335 Fra
286 1291 344 1336 erat
356 1280 503 1349 consessio,
516 1291 600 1352 eaput
613 1296 705 1334 rerum
726 1279 846 1335 Rumam
860 1297 939 1346 essa;
967 1279 1001 1334 de
1014 1297 1069 1352 quo
1081 1280 1165 1336 toties

229 1358 313 1412 'armis
327 1367 460 1414 certatum
474 1357 570 1412 fuerat.
611 1357 644 1412 Id
657 1375 821 1430 quamquam
835 1358 968 1414 omissum
979 1356 1036 1430 jam
1050 1376 1086 1414 ex
1104 1375 1165 1414 cm·

228 1434 307 1490 nium
322 1435 390 1490 curri
404 1434 573 1500 Latinorum,
594 1435 630 1491 ob
650 1451 708 1490 rem
721 1435 802 1490 toties
815 1435 962 1491 infeliciter
976 1443 1108 1490 tentatam
1123 1451 1166 1490 ara

146 1569 149 1576 ,
227 1512 290 1582 mis,
305 1513 466 1580 videbatur3
487 1513 534 1568 uni
549 1531 579 1568 se
591 1529 627 1568 en
640 1512 751 1568 Sabinis
769 1513 823 1568 sors
846 1514 911 1568 dara
932 1513 1045 1568 aliaest
1058 1512 1166 1588 privato

195 1590 344 1646 moonsilio
358 1590 464 1664 imperii
478 1591 670 1664 recuperandi.
711 1589 765 1646 Bos
788 1590 817 1645 in
839 1591 951 1646 Sabinis
971 1600 1037 1646 nata
1050 1589 1162 1647 cuidam

226 1667 409 1740 patrifamiliae
422 1668 532 1737 dicitnr,
548 1667 673 1724 miranda
696 1668 888 1742 magnitudine
902 1687 937 1724 ac
950 1669 1053 1741 specie.
1092 1667 1163 1724 Fixa

226 1747 388 1819 permultas
402 1755 613 1802 etatesoornua
633 1746 663 1802 in
684 1745 819 1802 vestibulo
839 1745 932 1822 templi
953 1745 1052 1802 Dianae
1066 1763 1163 1802 monu-

227 1833 350 1879 mentum
373 1824 399 1880 ei
421 1823 498 1880 lubra
522 1823 664 1880 miraculo.
706 1824 819 1895 Habita,
839 1833 869 1880 ut
891 1833 958 1893 erat,
979 1843 1023 1880 res
1043 1823 1162 1898 prodigii

227 1899 289 1956 loco
301 1914 361 1958 este
382 1912 410 1958 et
423 1901 551 1958 cecinere
564 1911 649 1973 ratae,
664 1901 744 1976 cujus
767 1901 887 1958 civitatis
906 1921 967 1958 eam
981 1902 1051 1958 civis
1063 1901 1162 1957 Dianae

193 1989 218 2030 ur
228 1977 404 2044 immoldsset
420 1979 457 2035 ibi
471 1980 527 2036 sore
541 1979 707 2054 imperium}
729 1979 810 2052 idque
824 1998 937 2035 carmen
951 1989 1113 2053 pervenerat
1126 1979 1163 2034 ad

227 2056 379 2112 antistitem
393 2057 449 2111 lani
470 2057 577 2113 Dianae.
618 2057 747 2127 Sabinus,
764 2066 794 2112 ut
813 2057 901 2130 prima
921 2069 984 2131 apta
997 2057 1057 2112 dies
1078 2056 1166 2112 sacri-

228 2131 293 2187 ficio
306 2132 364 2187 visa
377 2143 428 2196 est,
442 2133 537 2188 bovem
553 2133 673 2190 Romam
691 2145 780 2190 actam
802 2135 915 2191 deducit
938 2136 972 2190 ad
988 2135 1082 2190 lanum
1095 2134 1163 2190 Dia·

227 2224 282 2275 nae,
303 2220 331 2266 et
352 2219 416 2264 ante
440 2221 515 2264 arem
540 2209 659 2264 statuit.'
697 2210 740 2265 lbi
754 2212 867 2267 antistes
892 2213 1048 2278 Romanus,
1075 2229 1162 2285 quum

227 2303 292 2342 eum
316 2288 479 2360 magnitudo
504 2285 621 2342 viorimae
647 2287 787 2342 celebrata
809 2287 881 2342 sarna
904 2289 1042 2353 movisset,
1057 2307 1163 2344 memor

192 2365 360 2438 astesponsi,
376 2365 510 2420 Sabinum
534 2365 574 2420 ila
593 2364 758 2438 alloquitur:
798 2363 972 2424 “Quidnam
994 2377 1033 2429 tu,
1052 2365 1161 2438 hospes,

226 2444 384 2515 “parmi''
419 2443 516 2516 inquit,
543 2441 678 2498 “inceste
712 2441 879 2499 sacrificium
912 2443 1011 2498 Dianae
1044 2442 1163 2499 lacere?

226 2521 245 2554 “
255 2519 334 2580 Quin
349 2531 379 2576 tu
394 2522 457 2576 ante
473 2521 533 2576 vivo
545 2520 718 2594 perfunderis
731 2519 869 2576 fluminei
898 2520 996 2576 inlimb
1009 2521 1079 2576 talla
1092 2539 1165 2595 praa

226 2600 244 2632 “
257 2598 316 2654 fluit
337 2598 476 2654 Tiberis.''
524 2597 674 2672 Religionis
699 2607 789 2657 tactus
810 2600 917 2672 hospes,
938 2599 984 2672 qui
1005 2599 1107 2666 omnia,
1130 2609 1161 2655 ut

226 2675 351 2750 prodigio
364 2677 542 2750 responderet
554 2687 680 2752 eventus,
704 2687 818 2751 cuper'ot
837 2676 889 2732 rite
913 2677 995 2744 facta,
1009 2696 1044 2732 ex
1057 2677 1160 2750 templo
1204 2723 1206 2734 .

193 2753 371 2809 uudescendit
389 2755 425 2832 ,id
446 2750 581 2810 Tiberim.
623 2751 734 2810 Interea
757 2755 904 2811 Romanus
923 2753 1046 2811 immolat
1059 2752 1161 2810 Diuum

226 2830 343 2887 botemt
366 2831 393 2886 id
407 2832 474 2887 mire
487 2845 595 2907 gratum
607 2832 668 2907 regi
682 2842 762 2906 atquo
776 2833 880 2889 ciuitati
894 2832 953 2888 fuit.

264 2985 370 3042 XLVI.
402 2987 522 3057 Servius,
543 2999 707 3062 quamquam
726 2989 783 3063 lam
803 3007 856 3046 usu
876 2987 949 3044 haud
963 2985 1078 3042 dubium
1099 2999 1161 3064 reg‘-

224 3077 292 3120 num
305 3065 472 3139 possederat,
488 3077 590 3132 tamon,
600 3067 808 3140 quiaintetdum
821 3064 919 3142 jactari
934 3081 1015 3120 voces
1028 3065 1159 3140 ajuvene

224 3141 380 3217 'Parquinio
386 3145 523 3210 audiebat,
533 3165 562 3200 se
574 3145 679 3218 injussu
690 3146 782 3218 populi
793 3159 918 3220 regna-re,
928 3143 1073 3200 conciliata
1081 3143 1160 3218 pribs

192 3221 362 3278 as'roluntate
376 3222 471 3294 plebis,
486 3235 551 3296 egro
568 3233 650 3296 capto
669 3241 704 3279 ex
727 3223 851 3278 hostibus
874 3221 974 3277 viritim
994 3222 1091 3288 diviso,
1110 3241 1159 3278 au·

221 3309 271 3355 aus
284 3309 326 3356 est
339 3299 411 3355 iisne·
424 3301 458 3355 ad
472 3301 612 3374 populum,
625 3303 644 3334 ‘¹
655 3301 765 3371 vellent,
774 3301 949 3376 iuberentne,
959 3296 1156 3374 se'regnar'el”

221 3385 353 3452 lentoque
377 3389 525 3446 consensu,
545 3385 648 3451 quanto
665 3379 739 3434 baud
760 3379 902 3451 quisquam
927 3377 997 3434 alius
1014 3375 1087 3446 ante,
1106 3390 1157 3432 reu

224 3463 267 3510 est
288 3455 451 3512 declaratus
498 3449 597 3530 Neque
617 3473 650 3512 ea
673 3470 716 3512 res
737 3455 889 3529 Tarquinio
910 3468 988 3530 spem
1007 3452 1156 3510 adectaudi

221 3533 303 3606 regni
317 3529 417 3589 minuit
428 3552 444 3608 ε,
455 3533 539 3590 immo
552 3531 585 3588 ed
598 3531 759 3608 impensius,
780 3533 845 3606 quia
867 3533 902 3590 de
923 3545 989 3610 agro
1009 3529 1096 3605 plebis
1110 3530 1157 3586 ad·

190 3610 304 3675 qotarsd
315 3611 425 3668 Petrum
440 3611 579 3668 voluntate
592 3618 716 3668 sensenn
729 3611 784 3685 agi,
798 3611 965 3669 criminandi
978 3608 1067 3680 Servii
1081 3608 1156 3683 apud

224 3686 329 3758 Palles,
344 3690 542 3763 crescendique
555 3690 584 3746 in
605 3689 682 3744 curii
702 3689 755 3744 sibi
778 3690 955 3746 occasionem
975 3687 1067 3742 datam
1081 3696 1159 3760 retus

221 3773 274 3840 est,
289 3776 317 3823 et
330 3765 389 3842 ipse
398 3766 508 3842 juranis
521 3767 643 3824 ardentis
656 3765 750 3838 animi,
768 3777 796 3824 st
814 3767 890 3824 dorni
906 3773 993 3822 uxore
1007 3763 1102 3821 Tutia
1114 3762 1158 3818 iu«
