2620 4200
433 417 437 426 ,
485 346 586 410 trusa
600 345 681 408 xxa.
705 361 766 406 an.
781 317 835 402 1...
1089 349 1146 412 ω

185 503 258 572 ηυξ
269 495 462 560 consulean.
477 499 624 558 Cornelius
635 497 778 567 Lentulus,
793 494 824 552 P.
838 492 929 552 AElius
941 491 1048 550 Paetus:
1078 490 1146 568 pria·

186 573 206 646 Ξ
220 592 301 650 tores,
317 581 356 637 M.
369 580 470 636 lunius
484 579 606 644 Pennus,
620 575 665 633 cui
679 594 738 632 sors
750 574 857 630 urbana
869 571 978 639 evenit3
1006 571 1048 628 M.
1062 571 1149 627 Valer-

192 659 276 716 ‘isius
289 659 367 716 Falto
380 657 509 722 Bruttios,
532 657 569 712 M.
583 654 687 710 Fabius
707 653 796 708 buteo
819 649 984 718 Sardiniam,
1008 647 1039 704 P.
1054 645 1146 722 AEliui

193 725 206 767 ⁴⁸
220 735 333 792 Tubero
347 734 470 792 Siciliam
483 743 525 790 est
537 731 655 788 sortitus.
696 730 739 786 De
753 727 900 803 provinciis
918 725 1063 783 consulum
1077 723 1146 782 nihil

185 812 283 904 §ante
296 813 423 886 placebat
436 810 490 886 agi,
499 809 581 884 quaim
596 807 679 881 legati
698 806 817 880 Philippi
837 804 910 879 regis
932 814 961 860 et
973 802 1146 876 Carthagini·

189 890 324 961 ,ensium
338 889 423 946 auditi
437 898 544 946 essent:
572 886 636 942 belli
650 885 733 940 finem
757 882 878 953 alterius,
900 881 1067 956 principium
1080 879 1147 939 alo

182 981 208 1044 g
214 963 282 1032 rius,
296 967 499 1041 prospiciebant
512 963 621 1020 animis.
662 959 715 1018 Cn.
730 960 865 1017 Lentulus
884 959 980 1016 consul
994 957 1146 1032 eupiditate

215 1042 348 1117 flagrabat
361 1043 509 1118 provincie
523 1041 645 1108 Asrioae;
671 1058 721 1094 seu
735 1038 836 1106 bellum
850 1037 928 1103 foret,
943 1035 1053 1094 facilem
1063 1035 1146 1091 victo·

211 1121 293 1187 riam,
308 1139 358 1178 reu
368 1122 425 1196 jam
439 1121 572 1188 liniretur,
586 1117 662 1174 finiti·
677 1117 748 1173 tanti
772 1115 835 1171 belli
859 1113 1015 1171 se'cousulc
1029 1113 1146 1188 gloriam

184 1207 319 1272 ropetens.
360 1199 472 1272 Negare
486 1198 577 1270 itaque
590 1195 670 1269 prius
682 1194 829 1267 quidquam
838 1192 882 1266 agi
897 1209 1050 1265 passurum,
1064 1189 1146 1262 quam
1168 1191 1176 1206 ⁸

215 1274 268 1331 sibi
281 1275 378 1333 Africa
391 1275 503 1331 decreta
515 1283 597 1339 esset,
611 1272 782 1329 concedente
805 1269 920 1346 collega,
935 1269 1075 1324 moderato
1088 1267 1145 1324 viro

213 1362 243 1408 et
255 1353 402 1426 prudenti3
423 1353 469 1426 qui
483 1351 576 1426 gloriae
596 1349 656 1424 ejus
676 1359 817 1406 certarnen
838 1365 902 1404 cum
923 1345 1062 1420 Scipione,
1076 1361 1145 1418 pre·

213 1439 338 1502 torquem
351 1429 423 1504 qudd
438 1429 561 1502 iniquum
575 1437 655 1492 esset,
670 1427 753 1482 etiarn
767 1425 854 1498 impar
867 1424 987 1481 futurum
1003 1423 1143 1480 cernebat.

212 1505 252 1564 Q.
268 1507 411 1564 Minucius
425 1507 565 1562 Thermus
584 1515 612 1562 et
625 1503 744 1566 Manius
764 1503 873 1560 Acilius
895 1502 1018 1572 Glabrio,
1039 1499 1144 1556 tribuni

182 1583 310 1656 replebis,
345 1592 438 1651 “rem,
460 1584 548 1656 priore
569 1601 642 1638 anno
667 1581 851 1654 nequidquam
881 1587 1014 1636 tentatam
1041 1579 1076 1633 ab
1096 1577 1144 1633 Tr.
1178 1646 1181 1650 y

185 1689 190 1700 κ
214 1661 362 1718 “Claudio
374 1661 498 1726 consule,
514 1662 566 1716 Cn.
576 1659 742 1716 'Cornelium
758 1659 893 1724 tentare,''
906 1657 1026 1714 aiebant.
1062 1665 1086 1702 ·“
1099 1655 1143 1710 Ex

212 1746 232 1772 “
243 1739 404 1798 auctoritate
419 1738 530 1794 Parrum
543 1737 629 1794 latum
650 1737 685 1792 ad
707 1736 836 1809 populum
857 1751 928 1802 esse,
949 1733 1028 1809 cujus
1042 1733 1145 1789 vellent
1171 1769 1173 1774 ·

213 1823 231 1850 ⁸⁴
242 1815 391 1888 imperium
408 1815 437 1871 iu
461 1814 557 1871 Africa
571 1832 640 1870 esse.
677 1813 784 1870 Omnes
794 1813 914 1886 quinque
927 1823 955 1868 et
969 1812 1081 1889 triginta
1095 1809 1142 1867 tri·

214 1892 294 1947 “bus
308 1893 338 1946 P.
353 1891 476 1964 Scipioni
497 1892 524 1947 id
544 1891 689 1964 imperium
713 1888 867 1946 decresse-’¹
908 1889 1006 1946 Multis
1027 1898 1142 1952 conten·

178 1967 333 2026 actionibus
346 1979 373 2024 et
386 1969 415 2024 in
428 1979 526 2023 senatu
539 1979 567 2023 et
586 1969 622 2022 ad
644 1967 773 2040 populum
797 1978 866 2035 acta,
888 1985 932 2022 res
951 1964 1088 2040 postremo
1108 1964 1145 2020 ed

212 2045 333 2102 deducta
351 2043 407 2117 est,
424 2055 463 2101 ut
477 2045 584 2100 senatui
598 2044 803 2118 permitterent.
844 2043 940 2099 Patres
962 2043 1045 2118 igitur
1058 2042 1141 2116 jurati

213 2121 265 2196 (ita
287 2123 361 2178 enim
382 2123 561 2198 convenerat)
585 2131 764 2191 censuerunt,
778 2119 818 2176 uti
837 2121 966 2177 consules
985 2119 1141 2194 provincias

211 2199 284 2256 inter
297 2219 326 2256 se
340 2210 539 2274 compararent,
553 2199 757 2264 sortirenturve,
772 2209 834 2254 uter
855 2198 973 2270 Italiam,
997 2207 1056 2253 uter
1068 2197 1140 2253 clas·

211 2295 270 2332 sem
284 2277 605 2352 narium‘qniuquaginta
618 2276 739 2331 baberet.
780 2275 834 2330 Cui
856 2276 952 2332 classis
973 2275 1139 2346 obvenisset,
1183 2329 1186 2338 Δ

177 2373 204 2411 as
211 2354 239 2410 in
258 2355 382 2411 Siciliam
396 2355 555 2428 navigaret:
586 2354 609 2411 si
623 2371 676 2426 pax
689 2371 753 2408 curu
775 2353 1052 2428 Carthaginiensibus
1065 2369 1140 2408 corn·

210 2433 275 2505 poni
289 2432 437 2505 nequisset,
451 2432 479 2486 in
494 2431 618 2487 Africam
639 2430 785 2504 trajiceret.
826 2431 930 2488 Consul
953 2430 1030 2498 mari,
1045 2429 1140 2502 Scipio

209 2509 316 2580 eodem,
329 2529 384 2584 quo
396 2511 497 2581 adhuc,
509 2509 570 2582 jure
584 2508 690 2582 imperii
704 2508 786 2578 terrai,
800 2527 857 2564 rem
872 2519 987 2583 gereret.
1028 2507 1058 2562 Si
1073 2525 1139 2562 con·

204 2586 327 2643 ditiones
340 2587 520 2644 convenirent
532 2587 616 2660 pacis,
632 2583 835 2662 tribuniplebis
849 2587 978 2660 populum
998 2594 1137 2660 rogarent,

209 2665 297 2720 utrdm
321 2665 470 2734 consulere,
492 2683 527 2720 an
550 2665 580 2720 P.
595 2663 764 2737 Scipionem,
782 2663 912 2738 juberent
931 2679 1027 2738 paoem
1048 2657 1136 2732 darer

176 2752 235 2794 acet
256 2759 346 2814 quern,
370 2741 392 2796 si
415 2742 600 2814 deportandus
622 2741 759 2796 exercitus
780 2741 866 2798 victor
887 2760 921 2796 ex
935 2741 1033 2797 Africa
1053 2751 1136 2806 esset,

206 2817 358 2890 deportare.
399 2818 430 2872 Si
442 2837 538 2890 pacem
554 2837 602 2891 per
623 2819 654 2872 P.
668 2819 827 2892 Scipionem
850 2819 918 2886 dari,
940 2829 1021 2890 atque
1036 2817 1070 2872 ab
1092 2835 1137 2873 eo-

206 2893 270 2948 dem
284 2895 435 2951 exercitum
453 2894 587 2968 deportari
608 2895 763 2968 jussissent,
778 2913 813 2950 ne
826 2893 922 2950 consul
943 2913 977 2950 ex
990 2893 1086 2950 Sicilia
1106 2894 1135 2950 in
1182 2918 1186 2924 ·

205 2971 330 3028 Africam
344 2972 491 3046 trajiceret.
531 2972 610 3028 Alter
623 2971 728 3040 consul,
742 2973 788 3028 cui
808 2973 891 3029 ltalia
907 2972 1051 3039 evenisset,
1065 2971 1134 3028 duas

204 3049 328 3123 legiones
341 3069 358 3106 a
371 3049 411 3106 M.
423 3049 518 3106 Sextio
529 3061 643 3124 praetore
657 3050 806 3124 acciperet.
870 3085 873 3100 ·

173 3217 197 3261 as
242 3203 322 3260 XLI.
350 3206 448 3262 Publio
461 3205 585 3280 Scipioni
605 3223 670 3262 cum
693 3203 867 3276 exercitibus,
888 3225 956 3282 quos
969 3209 1089 3275 haberet,
1104 3209 1133 3266 in

202 3283 345 3360 provincial
358 3283 455 3340 Africa
475 3294 648 3358 prorogatum
672 3284 825 3357 imperium.
866 3283 978 3343 Pretori
997 3288 1036 3344 M.
1052 3287 1133 3344 Vale·

204 3361 246 3416 rio
258 3360 367 3418 Faltoni
381 3361 443 3417 due
455 3361 579 3435 legiones
592 3361 621 3418 in
635 3361 758 3432 Bruttiis,
773 3363 871 3436 quibus
885 3364 918 3418 C.
932 3363 1029 3421 Livius
1042 3365 1132 3438 priore

204 3455 277 3494 anno
290 3439 443 3512 prefuerat,
457 3439 576 3494 decreta
588 3457 596 3506 ς
624 3439 656 3494 P.
669 3439 762 3495 AElius
772 3451 871 3514 prator
884 3442 953 3498 duas
966 3437 1131 3518 legionesin

203 3515 299 3572 Sicilia
313 3516 347 3572 ab
360 3516 414 3572 Cn.
429 3516 580 3572 Tremellio
593 3516 739 3590 acciperet.
779 3517 866 3592 Legio
879 3535 934 3575 uua
948 3519 988 3575 M.
1002 3515 1131 3576 Fauian

170 3591 369 3663 toSardiniam,
381 3611 463 3667 quarn
478 3594 510 3648 P.
523 3593 657 3650 Lentulus
675 3611 724 3667 pro
743 3596 1019 3669 pretore-habuisset,
1035 3596 1129 3652 decer·

201 3669 285 3726 nitur.
325 3670 365 3728 M.
376 3671 497 3728 Servilio
510 3671 606 3744 prioris
629 3672 694 3728 enni
718 3673 834 3744 consuli,
858 3691 921 3730 oum
944 3673 1008 3730 suis*
1022 3674 1130 3730 duabus

201 3747 268 3804 item
281 3747 445 3824 legionibus,
458 3749 487 3806 in
502 3747 611 3883 {ltquria
622 3761 796 3824 prorogatum
810 3749 955 3828 imperium
967 3762 1017 3807 est.
1042 3750 1129 3812 Quod
