2638 4206
150 335 206 402 ιω
314 381 317 398 ,
533 328 601 382 unu
616 327 697 382 artu
794 343 799 350 ν

149 495 230 537 reum
259 475 333 536 baud
361 473 477 532 dubium
509 473 570 549 ejus
598 492 686 544 noxe,
713 472 927 549 approbantibus
960 470 1081 548 cunctis,

146 556 183 616 de
195 574 262 614 saxo
274 553 385 630 dejecit.
425 551 496 609 Inde
509 551 672 610 intentiores
692 553 829 626 utrimque
852 551 985 610 custodire
999 572 1060 610 esse
1072 559 1080 623 ξ

145 644 175 694 et
186 633 259 708 apud
272 630 374 702 Gallos,
388 629 453 705 quia
467 630 607 704 vulgatum
620 639 688 701 erat,
712 630 783 688 luter
806 630 891 705 Vejos
904 631 1081 706 Romamque

144 711 258 770 nuntios
271 726 444 778 commeare3
464 719 493 764 et
505 709 578 783 apud
596 707 748 779 Romanos,
772 708 808 766 ab
820 709 949 766 nocturni
962 708 1080 784 periculi

145 789 288 850 memorii.
501 835 502 842 ,
1100 794 1114 840 s

182 943 319 1002 XLVIII.
341 943 407 1010 Sed,
422 952 486 1000 ente
498 942 592 1000 omnia
604 941 756 1000 obsidionis
766 941 885 1017 bellique
896 941 976 1010 mala,
991 943 1078 1001 sames

142 1033 288 1096 utrumque
301 1021 456 1080 exercitum
468 1021 601 1096 urgebat;
615 1021 709 1078 Gallos
719 1021 877 1095 pestilentia
886 1021 978 1092 etiam,
992 1035 1077 1095 quum

142 1099 205 1160 loco
226 1100 339 1176 jacente
360 1100 431 1156 iuter
450 1099 570 1156 tumulos
590 1109 680 1155 castra
694 1099 906 1171 hebentes,tum
927 1099 961 1156 ab
981 1099 1082 1156 lucens

142 1178 196 1238 diis
221 1177 325 1236 torrido
344 1188 372 1235 et
391 1177 499 1252 vaporis
528 1177 619 1251 pleno,
641 1176 826 1250 cineremque,
855 1195 910 1238 non
936 1175 1077 1251 pulverem

141 1255 232 1321 modo,
247 1256 363 1323 serente,
376 1273 461 1329 quum
474 1255 540 1328 quid
551 1255 623 1311 renti
636 1265 738 1312 motum
749 1265 823 1311 esset
834 1274 841 1310 r
854 1273 969 1329 quorum
981 1255 1111 1312 intole·1u

140 1334 298 1392 rantissima
310 1352 389 1408 gens,
400 1333 562 1406 humorique
576 1351 610 1388 ac
623 1332 716 1407 frigori
727 1343 845 1403 assueta,
859 1350 953 1406 quum,
968 1343 1037 1392 aestu
1049 1344 1078 1391 et

140 1428 244 1486 angore
257 1422 366 1478 vexata„
378 1410 495 1486 vulgatis
518 1408 592 1466 velut
615 1409 642 1466 in
667 1429 766 1484 pecua¹
778 1410 890 1482 morbis,
909 1421 1075 1479 moreretur3

143 1485 196 1546 'am
208 1489 321 1565 pigritiis
334 1488 458 1564 singulos
471 1488 632 1562 sepeliendi,
656 1487 812 1562 promiscue
826 1499 967 1546 acervatos
981 1507 1075 1546 cumu·

150 1581 181 1626 os
195 1569 337 1626 hominum
350 1566 481 1635 urebant;
512 1566 713 1638 Bustorumque
727 1566 792 1622 inde
805 1565 976 1623 Gallicorum
990 1568 1075 1624 nomi·

138 1663 176 1702 uc
190 1645 328 1720 insignem
342 1645 435 1702 locum
449 1644 549 1700 fecere.
590 1643 715 1700 Induciae
729 1643 830 1700 deinde
842 1635 916 1700 'cum
936 1642 1073 1701 Romanis
1084 1657 1110 1700 ts

139 1721 229 1790 factm,
244 1733 272 1778 et
284 1721 421 1796 colloquia
434 1721 568 1795 permissu
581 1721 775 1794 imperatorum
790 1720 901 1778 habita:
932 1721 961 1778 iu
975 1722 1074 1796 quibus

138 1817 224 1874 quum
238 1794 389 1856 identidem
410 1799 482 1854 Galli
502 1798 603 1854 famem
623 1797 786 1873 objicerent,
808 1801 895 1872 eique
908 1799 1073 1858 necessitate

139 1877 175 1936 ud
197 1877 365 1936 deditionem
389 1886 529 1944 vocarent,
550 1876 660 1947 dicitur,
681 1871 837 1934 avertendae
857 1877 917 1951 ejus
936 1877 1074 1952 opinionis

138 1955 234 2027 causi,
248 1955 342 2012 multis
364 1953 433 2012 locis
452 1954 586 2029 panis-de
601 1953 738 2027 Capitolio
748 1954 868 2030 jactatus
881 1974 942 2012 esse
963 1957 992 2012 ln
1013 1957 1074 2012 hos-

136 2031 206 2092 tium
220 2033 360 2091 stationes.
401 2033 456 2088 Sed
468 2032 524 2108 jam
538 2051 627 2107 neque
641 2031 808 2089 dissimulari
822 2051 911 2107 neque
927 2033 988 2090 ferri
1003 2033 1106 2090 ultrim

136 2109 224 2168 sames
236 2121 350 2186 poterat.
390 2109 496 2184 Itaque,
512 2110 578 2166 dum
599 2110 716 2166 dictator
735 2110 874 2168 delectum
897 2125 946 2185 per
967 2130 997 2168 se
1020 2111 1073 2168 Ar·

136 2187 196 2248 deae
210 2189 302 2260 habet,
316 2187 478 2264 magistrum
491 2189 614 2262 equitum
629 2186 661 2244 L.
676 2187 818 2244 Valerium
831 2208 848 2245 a
861 2188 939 2264 Vejis
953 2187 1073 2246 abduce·

134 2283 166 2326 re
178 2266 331 2324 exercitum
341 2266 438 2341 jubet3
471 2276 557 2340 parat,
581 2265 754 2340 instruitque,
775 2267 875 2340 quibus
896 2267 969 2323 haud
985 2267 1071 2342 impar

134 2344 274 2402 adoriatur
287 2345 395 2402 hostes:
423 2343 532 2402 interim
547 2344 720 2419 Capitolinus
739 2343 885 2414 exercitus,
907 2345 1071 2403 stationibus

134 2421 289 2497 vigiliisque
303 2423 399 2490 fessus,
422 2422 557 2498 superatis
576 2433 669 2479 tamen
691 2421 819 2479 humanis
831 2422 961 2478 omnibus
980 2425 1103 2490 malisei

134 2518 220 2574 quum
238 2498 338 2556 samem
363 2515 447 2556 unam
467 2510 566 2556 natura
586 2499 660 2556 vinci
675 2500 858 2566 consideret,
874 2499 948 2557 diem
968 2502 1003 2558 de
1024 2501 1070 2558 die

133 2587 321 2651 prospectum,
336 2577 443 2650 ecquod
457 2577 593 2633 auxilium
616 2577 651 2633 ab
665 2577 800 2634 dictatore
814 2590 975 2652 appareret3
1009 2599 1070 2654 pos·

133 2651 221 2712 tremd
234 2673 283 2728 spe
296 2671 402 2729 quoque
413 2653 481 2730 jam,
502 2673 558 2712 non
569 2653 655 2712 soldm
670 2655 741 2725 cibo,
753 2654 911 2722 deficiente,
925 2667 962 2724 et,
983 2675 1068 2731 quum

131 2733 265 2790 stationes
291 2732 481 2807 procederent,
505 2732 588 2808 prope
609 2733 789 2790 obruentibus
809 2733 948 2791 infirmum
968 2754 1080 2810 corpus-

133 2809 225 2880 armis,
239 2809 281 2867 vel
295 2809 368 2880 dedi,
382 2809 424 2866 vel
438 2810 537 2867 redimi
557 2825 595 2882 se,
617 2812 791 2885 quicumque
805 2811 933 2884 pactione
946 2825 1067 2888 possent,
1076 2825 1100 2864 au

129 2887 226 2964 jussit;
244 2887 414 2964 jactantibus
427 2907 483 2944 non
496 2888 613 2946 obscure
627 2889 723 2960 Gallis,
737 2889 810 2946 haud
822 2891 924 2964 magnit
938 2892 1067 2948 mercede

131 2984 162 3025 se
175 2967 276 3024 adduci
299 2985 389 3044 posse,
411 2978 441 3023 ut
460 2966 631 3024 obsidionem
653 2967 817 3041 relinquant.
858 2967 934 3024 Tum
954 2978 1066 3025 sanetus

132 3043 252 3111 babitus,
279 3044 451 3120 tribunisque
472 3044 589 3101 militum
608 3045 750 3120 negotium
771 3045 874 3114 datum,
895 3055 925 3100 ut
944 3045 1066 3118 pacisce·

131 3130 235 3178 rentur.
287 3121 358 3179 Inde
385 3123 457 3180 inter
486 3121 524 3183 Q.
546 3123 701 3198 Sulpicium
730 3121 872 3179 tribunum
899 3122 1017 3178 militum
1036 3133 1065 3180 et

130 3197 273 3260 Brennum
293 3198 419 3276 regulum
439 3200 580 3258 Gallorum
600 3200 735 3274 colloquio
748 3209 886 3257 transacto
898 3219 942 3256 res
955 3209 1016 3268 est3
1036 3207 1097 3258 etta

130 3276 206 3336 mille
225 3276 317 3352 pondo
337 3279 396 3335 auri
415 3280 533 3354 pretium
559 3278 652 3355 populi
672 3278 802 3355 gentibus
821 3296 884 3334 mox
904 3277 1064 3353 imperaturi

130 3355 243 3414 sactum.
295 3353 362 3422 Rei,
383 3355 540 3414 soedissimae
560 3376 609 3432 per
638 3377 677 3426 se,
705 3357 813 3433 adjecta
833 3355 982 3432 indignitas
1001 3367 1063 3414 estc
1117 3430 1119 3432 Ι

130 3434 253 3507 pondera
267 3431 303 3492 ab
315 3433 403 3492 Gallis
416 3435 498 3492 allatu
511 3435 615 3510 iniqua,
628 3446 664 3506 et,
689 3435 799 3494 tribuno
810 3445 966 3506 recusante,
987 3431 1064 3493 addi·

129 3520 174 3568 tus
197 3513 232 3568 ab
252 3510 389 3570 insolente
411 3513 493 3572 Gsllo
512 3513 627 3588 ponderi
647 3513 773 3590 gladiosr
805 3513 952 3590 audituque
966 3513 1063 3574 intole-

129 3586 216 3648 randa
228 3587 366 3650 Romanis
379 3607 439 3660 vox,
461 3601 480 3630 ‘⁶
491 3591 543 3650 Vae
556 3591 635 3650 uictis
647 3591 743 3654 esse.”
1070 3601 1096 3644 tt
