2620 4200
176 359 236 422 m
569 359 638 411 mm
651 359 734 410 mvn

178 515 344 562 amoenare
359 500 393 559 ad
407 499 589 560 simulacrum
598 520 709 578 pagna.
748 500 834 578 Regii
845 501 962 578 iuuenes
983 503 1114 562 duces-ai
1173 547 1183 558 .

178 579 286 639 ludicro
304 580 450 638 certamini
470 581 548 638 dati:
580 579 712 637 ceterum
739 593 795 638 non
826 581 917 655 imago
931 581 982 638 suit
1000 595 1114 658 pugnas,

179 659 238 731 aad,
258 668 396 732 umquam
410 658 445 714 de
459 675 545 734 regno
556 657 744 725 dimicaretur,
759 659 797 715 ita
814 669 1025 728 concurrerunt,
1043 658 1115 716 mala

88 739 91 750 “
178 745 260 810 taque
273 736 387 793 vulnera
400 737 515 792 sudibus
529 736 602 793 lacta
610 754 618 805 3
647 747 712 802 naa,
725 746 824 811 prater
837 735 1124 810 karumrquidqnam.

178 813 267 870 deluit
279 815 314 870 ad
325 813 428 888 justam
441 813 505 870 belli
520 814 651 888 speciem.
692 812 813 883 Persea,
827 829 888 887 qua
905 813 957 870 sub
971 813 1115 871 Danaetrio
1134 825 1149 864 ⁵

178 901 246 962 crat,
260 891 343 966 longa
358 892 481 966 superior
501 891 560 948 luit.
601 892 635 948 ld
656 890 729 966 agra
749 891 870 966 patiente
895 891 1006 962 Perseo,
1027 891 1115 949 latori

177 969 329 1044 prudentes
340 969 425 1059 amici
438 971 508 1103 epus,
521 982 638 1058 eamque
658 989 717 1026 rem
731 969 817 1045 ipsam
831 969 926 1026 diocia
938 969 1116 1044 placituram

179 1061 293 1102 causam
307 1063 444 1103 cnmman
466 1061 473 1103 1
485 1065 603 1122 juvenis.

217 1200 286 1259 VII.
317 1201 482 1259 Conuiuium
496 1221 530 1260 ac
543 1201 588 1258 dia
602 1202 748 1269 sodalium,
770 1201 817 1276 qui
831 1201 912 1258 simul
927 1202 1116 1278 decurrerant,

180 1288 297 1354 aterque
311 1281 416 1348 habuit,
430 1295 515 1353 quum
529 1291 642 1337 vocatus
655 1281 689 1336 ad
710 1293 820 1336 coenam
842 1279 879 1356 ab¹
898 1279 1040 1336 Demetrio
1052 1279 1117 1336 Pes
1127 1293 1152 1332 m

181 1373 246 1414 aeus
259 1360 395 1434 negasset.
436 1359 521 1414 Festo
540 1359 585 1414 die
605 1358 729 1417 inritatio
749 1357 870 1431 benigna
890 1371 918 1413 et
938 1356 1060 1414 hilaritas
1075 1357 1118 1432 ju·

180 1436 425 1511 venalisutrosque
438 1436 467 1492 in
482 1437 575 1492 vinum
596 1435 685 1492 traxit
726 1434 959 1492 commemoratio
980 1434 1018 1490 ibi
1031 1445 1119 1491 cens-¹

181 1514 268 1572 minis
281 1515 390 1584 ludicri,
404 1525 433 1570 et
443 1514 539 1590 jocosa
552 1513 628 1570 diota
648 1513 677 1570 in
701 1513 880 1584 adversarios,
902 1513 940 1568 ita
960 1523 1039 1568 utne
1052 1511 1118 1587 ipsis

181 1593 295 1666 quidem
318 1591 436 1650 ducibus
456 1592 646 1664 abstineretur,
651 1590 836 1666 jactabantur.
877 1591 922 1646 Ad
945 1591 994 1646 has
1016 1590 1119 1664 excipi*
1154 1614 1159 1622 ·

182 1663 271 1726 endas
284 1687 375 1736 voces,
390 1671 545 1744 speculator
565 1687 600 1725 ex
613 1668 735 1725 convivis
750 1667 842 1724 Persei
856 1666 966 1737 missus,
981 1683 1065 1741 quum
1079 1667 1153 1724 inan

183 1747 290 1802 cautior
310 1748 508 1812 obversaretur,
536 1757 706 1820 exceptusa
732 1745 880 1819 juvenibus
910 1745 979 1802 forte
999 1745 1120 1803 triclinio

183 1824 583 1960 ddttl‘dltdltdt„
603 1821 1121 1958 duzrmmusaun

184 1979 204 2013 “
215 1978 286 2053 ejus,
300 1979 322 2035 si
335 1997 390 2052 qua
401 1997 437 2038 ex
450 1918 602 2035 aaronis}
615 1941 727 2045 residet,
742 1977 918 2052 simplicitate
938 1944 970 2034 et⁵
985 1979 1122 2035 hilaritate

186 2058 307 2112 “nostra
333 2057 501 2114 lenimusl”
541 2056 650 2112 Omnes
673 2071 703 2112 se
723 2055 763 2112 ira
783 2055 1003 2122 conclamarunt,
1024 2067 1155 2130 praterea

186 2151 245 2205 eos,
258 2134 304 2208 qui
318 2135 496 2208 speculatoris
518 2134 553 2190 ab
577 2153 606 2190 se
620 2133 720 2208 pulsati
742 2145 906 2207 praesentem
921 2133 1053 2190 ultionem
1067 2143 1124 2192 mee

182 2213 310 2275 ¹luebant.
330 2212 429 2272 Quum
440 2231 487 2268 eos
497 2229 604 2286 quoque
618 2211 777 2268 Demetrius
790 2213 919 2277 traheret,
935 2212 1037 2268 Ferrum
1047 2220 1123 2270 veste

187 2289 361 2356 abdiderunt,
376 2307 430 2364 quo
442 2309 472 2346 se
486 2291 577 2357 tutari,
598 2289 621 2347 sl
642 2307 697 2364 qua
716 2289 757 2346 via
775 2289 862 2356 fieret,
883 2300 1004 2363 possent
1044 2288 1124 2347 Nihil

186 2367 291 2425 occulti
309 2387 370 2423 essa
389 2369 419 2424 in
439 2369 568 2424 intestina
588 2368 729 2424 discordia
748 2378 857 2442 potest:
890 2379 1006 2440 utraque
1026 2367 1124 2424 domus

188 2446 390 2519 speculatorum
404 2456 432 2502 et
444 2445 613 2519 proditorum
630 2445 714 2520 plena
727 2457 793 2501 erat.
834 2445 1019 2502 Praeoucurrit
1038 2446 1158 2503 index&
1194 2477 1200 2482 -

188 2524 223 2577 ad
238 2523 347 2592 Peraea,
362 2523 434 2579 ferro
454 2523 611 2580 succinctos
624 2523 758 2580 nuntians
778 2541 843 2578 oum
867 2523 1010 2580 Demetrio
1029 2533 1126 2598 quatu*
1191 2579 1195 2588 ,

187 2611 219 2654 or
242 2599 433 2655 adolescentes
456 2601 558 2657 venire.
599 2601 658 2657 Etsi
672 2619 757 2657 eausa
775 2599 923 2673 apparebat
939 2600 1014 2676 (nam
1035 2600 1125 2656 abiis
1146 2619 1153 2630 ·

188 2675 327 2750 pulsatum
341 2677 485 2732 convivam
499 2695 579 2732 suum
594 2678 742 2754 audierat),
768 2689 870 2742 tamen,
895 2677 1061 2734 infamanda
1083 2679 1126 2737 rai

189 2753 284 2825 causi,
296 2753 409 2828 januam
422 2754 542 2810 obserari
554 2753 633 2828 jubet
644 2773 650 2822 ;
681 2765 709 2810 et
722 2773 756 2810 ex
769 2765 846 2827 parte
865 2757 1004 2829 superiore
1016 2755 1125 2826 aedium,

189 2831 329 2906 versisque
344 2833 372 2888 in
386 2833 458 2888 viam
481 2831 616 2903 fenestris,
637 2832 838 2902 omniasatores,
861 2841 1001 2906 tamquam
1025 2833 1059 2890 ad
1073 2843 1161 2890 oea-³0

190 2909 254 2965 dem
278 2929 356 2966 suam
380 2905 532 2975 venientes,
558 2909 634 2966 aditu
657 2909 750 2984 januae
765 2921 849 2966 arcet.
890 2911 1058 2977 Demetrius,
1078 2927 1127 2985 per

190 2986 296 3054 vinum,
315 2986 387 3060 quid
407 2987 609 3055 excluderetur,
629 2988 767 3062 paulisper
787 2987 961 3059 vociferatae,
981 2989 1010 3044 in
1034 2985 1128 3045 couvi*

191 3062 267 3120 vium
279 3067 358 3136 redit,
373 3067 456 3122 totius
468 3065 508 3121 rei
523 3065 642 3139 ignarus.

144 3239 145 3244 ¹
177 3183 182 3206 ι
231 3217 315 3274 Vlll.
348 3221 461 3278 Postero
487 3220 532 3276 die
562 3219 688 3292 Perseus,
713 3218 796 3294 quam
822 3218 939 3293 primurn
962 3221 1130 3278 conveniam·

193 3296 223 3352 di
242 3307 362 3370 potestas
382 3299 466 3372 patris
487 3298 545 3366 fuit,
566 3297 672 3372 regiam
692 3297 842 3372 ingressus,
873 3300 1031 3370 perturbato
1051 3299 1164 3356 vultusc

195 3373 225 3430 in
253 3385 403 3447 conspectu
430 3377 515 3449 patris
541 3376 643 3432 tacitus
669 3377 762 3450 procul
793 3376 937 3432 constitit:
971 3377 1016 3432 cui
1044 3389 1130 3450 quum

195 3462 282 3524 pater,
296 3456 313 3486 “
323 3453 418 3510 Sati’n’
434 3454 514 3509 calvae
525 3455 560 3509 l''
588 3467 626 3526 et,
646 3457 663 3488 “
674 3471 799 3527 quaenam
820 3471 855 3509 ea
868 3453 998 3511 moestitia
1010 3456 1128 3511 essetl''

196 3527 377 3604 interrogaret
390 3549 464 3596 eum,
478 3531 553 3587 “De
566 3531 645 3588 lucro
656 3531 735 3598 tlbi‚”
752 3532 849 3604 inquit,
870 3535 887 3566 “
901 3532 989 3587 vivere
1014 3546 1058 3588 me
1079 3533 1132 3588 soi·-

197 3606 260 3661 “to
301 3607 363 3664 Jam
385 3625 440 3664 non
461 3609 578 3666 occultis
601 3629 618 3665 a
639 3609 720 3666 fratre
744 3610 862 3683 petimur
882 3609 999 3666 insidiis.
1039 3609 1132 3666 Nocte

197 3683 289 3738 “curn
303 3686 413 3740 armatis
427 3687 538 3742 domum
562 3688 596 3742 ad
620 3687 842 3743 interficiendam
863 3701 908 3742 mc
929 3688 1024 3744 venit:
1058 3687 1166 3748 clausu

196 3759 316 3841 t‘aisque
337 3763 448 3840 foribus,
470 3763 604 3836 parietum
627 3764 755 3844 praesidio
778 3779 822 3820 me
843 3779 860 3820 a
880 3764 971 3822 lurore
992 3765 1052 3841 ejas
1068 3777 1132 3825 aim
