2620 4200
482 327 584 386 Llnnlt
597 325 694 387 smil.
726 341 853 388 eamn,
1040 389 1047 406 ,
1078 331 1136 396 209

200 477 331 538 '⁸⁸‘cltns
341 477 478 536 hostium:
509 461 607 538 mittite
620 478 721 536 milites
734 477 820 536 mihi!
859 475 946 538 Quid,
963 471 1037 534 aliud
1060 492 1138 552 roga·

213 567 293 625 “res,
307 558 330 614 si
343 575 417 614 esses
429 548 540 614 viciosi
561 557 709 614 ‘Hostium
723 557 785 631 cepi
798 556 865 613 bina
874 564 975 626 casua,
987 555 1087 630 praedae
1101 554 1140 619 sie⁸
1201 581 1207 586 ·

213 643 232 672 ‘⁶
242 635 360 693 ‘delicet
371 635 453 708 plena
467 645 496 691 et
508 645 729 691 commeatuum:
762 633 930 691 frumentum
950 642 979 690 et
989 631 1139 708 pecuniam
1240 675 1243 680 .

214 714 340 770 “‘date’
379 711 459 773 Quid
479 711 563 785 aliud,
583 712 606 768 si
628 711 766 786 spoliatus,
790 711 814 769 si
831 722 930 768 erutus
944 709 1039 767 castris
1052 727 1138 777 esses,

159 859 163 868 ,
192 791 370 865 s“peteresl
410 789 456 861 Et,
470 808 506 846 ne
519 789 613 846 omnia
626 789 684 864 ipse
705 789 796 856 mirer,
824 789 906 866 (mibi
926 806 1032 862 quoque
1054 787 1140 853 enim,

215 867 372 941 “quoniam
385 867 514 943 respondi
528 861 692 933 Himilconi,
715 861 883 942 interrogare
904 866 950 942 jus
971 865 1063 939 sasque
1084 863 1140 942 est)

213 953 231 980 ‘⁶
240 945 331 1013 velim,
345 960 394 1002 ssu
409 945 539 1015 Himilco,
554 956 603 1002 seu
617 944 703 1020 Mago
714 946 897 1020 respondeat3
917 943 1045 1018 quumad
1059 943 1141 999 inter·

213 1023 388 1080 “necionem
400 1022 520 1080 Romani
535 1023 643 1098 imperii
656 1033 807 1098 pugnatum
832 1022 867 1079 ad
889 1021 1003 1079 Cannas
1016 1021 1061 1092 sit,
1074 1039 1142 1077 oond

214 1109 346 1176 “stetque
361 1101 390 1158 in
404 1100 559 1158 delectione
577 1110 661 1158 totam
682 1100 790 1156 Italiam
804 1119 881 1169 esse3
912 1099 1033 1174 primum
1046 1098 1142 1172 ecquis

183 1191 205 1230 ro
215 1187 233 1213 “
243 1177 334 1235 Latini
348 1177 468 1236 nominis
480 1179 596 1253 populus
608 1177 741 1234 deiecerit
761 1179 796 1234 acl
816 1177 889 1235 nosl
922 1177 1024 1234 deinde
1046 1175 1143 1248 ecquis

215 1263 234 1290 ‘⁴
244 1257 334 1328 homo,
360 1275 395 1314 ex
421 1255 542 1330 quinque
565 1259 593 1312 et
613 1255 725 1330 triginta
744 1255 878 1326 tribubus,
899 1255 934 1311 ad
955 1253 1143 1310 Hannibalem

216 1342 234 1368 “
243 1334 440 1409 transfugeritl
451 1334 467 1360 ”
508 1332 606 1392 Quum
619 1344 764 1407 utrumque
778 1333 863 1410 Mago
875 1331 1024 1408 negissset3
1046 1331 1144 1387 “Hos-

216 1418 234 1446 “
244 1412 313 1468 tium
333 1412 445 1487 quidem
465 1406 559 1486 ergo,’'
574 1410 671 1485 inquit,
693 1421 710 1448 ‘⁶
720 1411 810 1468 adhuc
825 1411 908 1468 nimis
921 1408 1037 1468 multum
1051 1427 1145 1483 super·

215 1491 233 1525 ‘⁴
243 1500 304 1546 est:
334 1491 393 1556 sed,
408 1489 553 1546 multitudo
566 1489 678 1563 ea'quid
692 1489 855 1562 animorum,
878 1489 977 1563 quidve
991 1488 1049 1564 spei
1062 1487 1145 1544 habo-

185 1574 282 1637 15“at,
297 1567 369 1624 scire
382 1563 493 1624 velim.'’
574 1642 577 1670 Ι

254 1721 339 1779 ΧΙΠ.
359 1722 467 1794 Quum,
481 1722 510 1778 id
524 1723 642 1794 nescire,
656 1714 742 1798 Mago
754 1723 860 1781 diceret
867 1744 879 1792 -;
913 1721 1018 1781 “Nihil
1037 1721 1146 1778 facilius

217 1801 317 1857 “scitu
331 1803 399 1871 est,’'
414 1799 510 1875 inquit.
552 1810 570 1836 “
580 1801 691 1874 Ecquos
704 1801 809 1874 legatos
825 1802 859 1856 ad
881 1800 1068 1858 Hannibalem
1089 1798 1147 1856 Ro-

218 1879 320 1933 “mani
346 1878 479 1933 miserunt
499 1879 533 1934 de
559 1880 652 1952 pacel
686 1897 802 1952 ecquam
828 1879 949 1952 denique
977 1878 1146 1935 mentionem

219 1956 323 2028 “pacis
337 1955 435 2010 Roma:
448 1955 548 2015 factam
562 1974 632 2021 esse,
646 1955 756 2012 allatum
771 1957 805 2012 ad
819 1975 866 2012 vos
878 1958 939 2012 esti
950 1956 967 1983 ''
1006 1954 1105 2014 Quum
1119 1953 1147 2010 id

186 2047 326 2106 aequoque
340 2033 479 2106 negasset,
503 2032 640 2092 “Bellum
655 2033 767 2108 igitur,''
782 2033 878 2106 inquit,
903 2042 921 2068 ‘⁶
931 2043 987 2089 tam
1008 2032 1148 2108 integrum

221 2120 239 2146 ‘⁶
249 2111 391 2181 habemus,
404 2106 486 2183 quam
500 2109 654 2178 habuimus,
668 2111 720 2183 qut
734 2109 779 2166 die
793 2110 934 2166 Hannibal
945 2111 973 2166 in
988 2109 1096 2166 Italiam
1106 2119 1148 2165 est

222 2196 442 2262 “transgressus
480 2186 577 2247 Quam
602 2187 677 2242 varia
702 2187 816 2244 victoria
834 2189 923 2262 priore
949 2187 1056 2244 Punico
1077 2185 1148 2242 bello

223 2275 242 2302 “
252 2265 340 2335 suerit,
354 2265 484 2339 plerique,
500 2265 547 2339 qui
560 2264 776 2336 meminerimus,
790 2283 983 2338 supersumus:
1006 2282 1148 2338 nunquam

223 2351 241 2379 “
252 2343 323 2400 terrai
338 2343 458 2416 marique
472 2342 561 2416 magis
577 2353 713 2416 ptosperae
727 2361 771 2398 res
785 2352 883 2398 nostrae
897 2341 963 2398 visae
978 2353 1052 2408 sunt,
1066 2341 1149 2414 quam

189 2433 213 2472 at
224 2430 241 2456 ‘⁶
250 2432 313 2478 ante
327 2421 455 2477 consules
468 2419 501 2477 C.
516 2419 657 2475 Lutatium
671 2427 699 2476 et
713 2421 747 2475 A.
762 2420 933 2476 Postumium
944 2419 1062 2476 fuerunt.
1093 2417 1149 2474 Lu-

224 2498 316 2555 “tatio
338 2509 366 2554 et
386 2497 526 2555 Postumio
546 2497 715 2562 consulibus,
735 2497 835 2554 devicti
856 2497 889 2554 ad
911 2497 1026 2571 AEgates
1046 2495 1150 2552 insulas

224 2585 242 2611 “
251 2593 353 2632 sumus.
392 2574 478 2635 Quod
492 2575 514 2632 si
530 2573 571 2650 (id
585 2575 657 2648 quod
671 2575 718 2630 Dii
731 2589 813 2632 omen
827 2586 949 2632 avertant
960 2577 981 2653 l)
995 2593 1071 2631 nunc
1084 2592 1150 2647 quo-

224 2662 242 2690 “
251 2672 303 2726 que
317 2655 425 2710 fortuna
438 2653 540 2727 aliquid
554 2653 715 2721 variaverit;
746 2662 803 2708 tum
817 2671 915 2727 pacem
929 2653 1051 2727 speratiS,
1065 2671 1150 2726 quum

225 2740 243 2766 ‘⁶
253 2733 403 2801 vincemur,
417 2750 499 2804 quam
513 2741 597 2801 nunc,
612 2746 695 2804 quum
710 2730 855 2796 vincimus,
877 2730 924 2787 dat
935 2731 1039 2787 nemci
1078 2729 1148 2802 Ego,

192 2807 276 2864 so“si
289 2808 349 2880 quis
361 2809 396 2862 de
408 2826 476 2880 poce
490 2808 624 2874 consulet,
645 2827 694 2863 seu
718 2807 865 2866 deferendi
888 2809 1020 2878 hostibus,
1041 2824 1093 2882 ¹seu
1106 2823 1150 2860 ac·
1181 2801 1189 2846 ἵ

227 2885 390 2959 “cipiendi,
414 2885 511 2955 habeo,
534 2885 599 2957 quid
620 2885 762 2940 sententiae
784 2886 895 2942 dicam:
924 2885 947 2940 si
970 2885 1005 2939 de
1025 2879 1068 2949 iis,
1089 2901 1149 2957 quae

226 2971 244 2998 ‘⁸
254 2962 339 3036 Mago
352 2962 478 3036 postulat,
493 2961 609 3032 refertis,
623 2980 676 3017 nec
690 2962 837 3020 victoribus
850 2962 921 3018 mitti
935 2962 1050 3018 attinere
1064 2971 1130 3035 puto
1142 2983 1149 3030 ;

226 3049 281 3096 “et
300 3039 493 3096 frustrantibus
511 3058 561 3096 nos
581 3036 649 3094 salsi
678 3043 758 3112 atque
781 3041 857 3096 inani
880 3057 927 3113 spe
947 3037 1034 3095 multb
1054 3035 1150 3096 minus

227 3127 245 3154 “
254 3136 355 3174 censeo
377 3116 513 3174 mittenda
537 3117 625 3172 esse.'’
674 3117 756 3173 Haud
781 3118 881 3173 multos
900 3116 983 3173 movit
1003 3115 1151 3184 Hannonis
1174 3115 1178 3122 ’

193 3195 330 3252 oso'ratio:
362 3211 427 3252 nam
453 3203 481 3252 et
506 3195 629 3250 simultas
655 3213 718 3250 cum
749 3194 853 3251 familiai
879 3194 998 3251 Barcinis
1021 3195 1151 3254 leviorem

228 3283 366 3330 auctorem
380 3273 507 3346 faciebat,
531 3282 559 3328 et
580 3272 707 3346 occupati
722 3272 805 3328 animi
819 3272 945 3346 praesenti
959 3273 1052 3331 latitia
1072 3273 1150 3339 nihil,

228 3367 282 3424 quo
294 3351 390 3407 vanius
403 3350 480 3408 fieret
493 3349 624 3426 gaudium
644 3367 734 3416 suum,
753 3350 863 3406 auribus
877 3351 1074 3408 admittebant:
1105 3350 1151 3405 de·

229 3427 412 3502 bellatumque
425 3444 489 3485 mon
501 3426 567 3494 fore,
582 3427 605 3482 si
619 3427 705 3484 anniti
728 3428 868 3502 paululum
886 3429 1042 3494 voluissent,
1056 3427 1151 3483 reban-

230 3514 282 3562 tur.
321 3506 416 3586 Itqque
430 3505 457 3562 in
479 3505 536 3562 enti
550 3523 686 3562 consensu
700 3505 1023 3576 fitsenathscousultum,
1035 3514 1065 3560 ut
1075 3504 1151 3561 Han·

197 3599 222 3638 ro
230 3582 314 3640 nibali
328 3594 441 3657 quatuor
455 3525 639 3640 Humidarum
649 3583 733 3640 millia
744 3583 772 3639 in
783 3583 1001 3657 supplementum
1012 3581 1151 3638 mitteren·

230 3669 282 3730 tur,
297 3670 324 3716 et
336 3661 516 3736 quadraginta
528 3661 675 3734 elephanti,
690 3671 718 3718 et
730 3661 836 3734 argenti
847 3661 932 3718 multa
944 3662 1054 3718 talenta.
1086 3659 1152 3730 Dic·

229 3746 353 3813 tatorque
366 3755 429 3796 oum
443 3735 564 3874 Mapgpe
578 3739 606 3794 in
621 3738 782 3818 Hispaniam
804 3739 959 3816 promissus
976 3747 1027 3814 est,
1041 3738 1076 3794 ad
1089 3752 1153 3795 oon·
