2638 4206
563 380 663 430 LIBER
679 379 748 428 XXI.
780 391 840 428 oar.
851 392 876 428 x.
1123 381 1176 442 171

245 537 306 586 etat
320 526 489 602 Saguntinis,
504 524 606 581 missile
617 524 713 594 telum,
726 520 818 578 hastili
832 519 959 595 abiegno,
980 529 1008 577 et
1025 531 1126 600 caetera
1138 534 1179 582 te·

244 607 307 676 reti,
321 617 499 680 preterquam
515 603 549 658 ad
569 598 733 670 extremum}
752 600 827 654 unde
851 599 952 654 serrum
963 601 1115 682 errstabat⁴i⁸
1139 601 1179 678 id,

247 685 319 740 sicut
332 684 360 739 in
374 683 429 756 pilo
442 683 613 756 quadratum,
628 679 726 753 stuppis
739 676 978 751 circumligabant,
999 677 1178 753 linebantque

246 761 318 836 pice.
358 761 473 817 Ferrum
488 772 579 815 autern
593 769 648 814 tres
662 757 775 830 longum
798 755 919 811 babebat
943 756 1039 828 pedes,⁸
1060 767 1091 812 ut
1114 775 1180 815 curn

134 871 136 875 ,
225 839 330 896 carmi·
356 837 515 912 transfigere
536 855 636 911 corpus
658 845 758 908 posset.
798 833 855 888 sed
869 832 897 888 id
921 831 1049 903 maxime,
1070 833 1180 892 etiarnsi

248 915 377 972 haesisset*
385 917 414 972 in
428 925 515 980 scuto,
530 933 584 975 neo
597 915 767 988 penetrrisset
789 911 818 967 in
832 929 939 984 corpur,
954 929 1081 984 pavorem
1095 910 1180 969 sacie-

247 985 312 1062 bat3
344 994 419 1068 quiid
443 1011 528 1067 quum
554 992 676 1048 medium
704 1007 853 1046 accensum
880 988 1040 1058 mitteretur,
1061 1007 1180 1065 concep·

247 1079 361 1145 tumque
386 1072 446 1145 ipso
473 1081 548 1126 motu
577 1066 663 1125 multd
691 1067 821 1142 majorem
854 1066 948 1141 ignem
981 1066 1073 1137 serret,
1103 1086 1181 1124 arma

247 1149 336 1206 omitti
363 1149 488 1224 cogebat,
517 1148 677 1220 nudumque
707 1146 822 1202 militem
849 1144 884 1200 ad
911 1143 1088 1218 insequentes
1107 1145 1181 1240 iptus

217 1225 395 1301 ioprrebebat.
1214 1229 1219 1241 ⁸

288 1381 341 1439 IX.
369 1351 529 1442 Quamdiu
550 1397 653 1455 anceps
673 1379 768 1458 [uisset
787 1388 937 1446 certamen,
959 1388 989 1434 et
1008 1377 1199 1453 Saguntinis-r,

246 1460 314 1534 quia
345 1471 423 1516 raeter
437 1477 514 1534 spem
527 1440 862 1530 resisterent,'brevissent⁶
865 1457 950 1514 animi
962 1475 970 1524 3
991 1454 1104 1528 Poenus,
1118 1457 1184 1530 quia
1198 1501 1201 1511 ,
1221 1491 1223 1496 -

269 1557 305 1594 on
346 1538 448 1608 inisset,
468 1555 518 1612 pro
537 1537 610 1594 victo
630 1547 720 1605 esset3
754 1533 901 1592 clamorem
921 1532 1035 1609 repente
1052 1534 1183 1609 oppidani
1233 1551 1236 1559 Χ

277 1609 357 1686 llnnf,
372 1617 531 1688 hostemque
545 1615 573 1670 in
594 1614 688 1684 ruinas
709 1613 780 1670 muri
803 1614 959 1687 expellunt3
988 1612 1053 1668 inde
1067 1612 1183 1686 impedi·

218 1704 242 1744 rs
250 1689 307 1750 tum
321 1694 559 1770 trepidantemque
570 1684 734 1759 exturbantss
748 1671 992 1765 ‘postremdiusum
1003 1688 1183 1765 fugatumque

249 1771 278 1827 in
299 1781 388 1828 castra
397 1751 545 1846 ''redigund
588 1767 702 1826 Interim
717 1769 753 1825 ab
766 1769 858 1825 Romi
871 1769 975 1844 legatos
989 1767 1097 1824 venisse
1111 1787 1184 1825 nun·
1214 1807 1223 1860 q

249 1848 345 1906 tiatum
371 1859 429 1905 est:
446 1839 562 1922 '‘quibus
582 1846 689 1905 obviam
711 1847 746 1903 ad
767 1865 840 1903 mare
860 1847 937 1902 missi
957 1845 992 1903 ab
1012 1845 1183 1919 Hannibale,
1211 1861 1227 1946 q

250 1909 444 2000 quibicerena
457 1944 511 1981 nec
524 1923 583 1981 tuto
595 1941 643 1981 eos
664 1925 786 1981 adituros
798 1925 869 1981 inter
886 1935 994 1980 tottam
1008 1923 1185 1982 efferatarum
1212 1916 1216 1940 ⁵

251 2001 375 2077 gentium
390 2020 482 2069 armas
512 2020 565 2057 nec
580 2001 740 2073 Hannibali,
755 2002 784 2057 in
803 2013 881 2058 tanto
901 2000 1061 2059 discrimine
1080 2008 1202 2074 mrum„

219 2089 342 2154 etoperae
362 2097 422 2134 ese
443 2078 594 2154 legationes
599 2079 724 2175 taudire.
777 2079 944 2154 Apparebat,
968 2093 1024 2136 non
1050 2077 1202 2158 admissos}

251 2099 597 2231 protinusdcanmginen
620 2155 723 2213 ituros:
755 2155 848 2212 literas
868 2156 950 2230 igitur
963 2155 1129 2230 nuntiosque
1149 2156 1204 2231 ad¹

251 2233 391 2308 principes
405 2233 531 2291 factionis
552 2231 678 2289 Barcinae
700 2233 903 2366 praemittipgqut
919 2244 1104 2308 prepararent
1123 2251 1207 2309 suo,

843 2319 870 2366 ab

251 2329 311 2368 rum
336 2312 451 2378 animos,
478 2328 514 2367 ne
537 2309 603 2384 quid
622 2327 686 2384 pars
705 2300 828 2384 alteralg
872 2308 959 2382 dicari
977 2329 1027 2386 pro
1047 2309 1207 2370 Romanisl

224 2379 349 2464 Jposset

218 2560 244 2600 aa
289 2544 327 2602 X.
358 2545 465 2619 Itaque,
477 2553 657 2622 preterquam
677 2544 750 2618 quod
771 2543 883 2601 admissi
903 2544 1043 2620 auditique
1056 2554 1131 2626 sunt,
1151 2563 1187 2604 ea

251 2641 357 2698 quoque
377 2641 448 2680 vana
461 2635 541 2758 atque
556 2622 631 2695 irrita
643 2622 745 2697 legatio
757 2621 817 2680 fuit.
857 2622 962 2680 Hanno
975 2642 1057 2696 unus,
1070 2625 1186 2682 aduerso

252 2712 358 2770 senatu,
372 2720 484 2758 causam
508 2701 617 2769 oederis,
631 2717 732 2775 magno
745 2700 855 2760 silentio
867 2712 976 2776 propter
994 2701 1187 2760 auctoritatem

253 2795 341 2848 suam,
354 2797 408 2834 non
422 2795 565 2835 assensum
587 2777 768 2844 audientium,
792 2779 867 2854 egit:
890 2779 971 2836 “Per
993 2779 1077 2848 Deos,
1100 2779 1186 2836 foede·

255 2863 342 2911 “rum
353 2856 467 2912 arbitros
480 2876 513 2912 ac
526 2866 617 2925 testes,
632 2856 779 2926 monuisse,
798 2855 957 2930 praedixisse
969 2875 1007 2926 se,
1022 2874 1058 2911 ne
1078 2855 1186 2912 Hamil·

220 2948 246 2988 ao
255 2940 273 2968 ‘⁶
282 2932 354 2988 caris
366 2933 525 3012 progeniem
539 2933 574 2988 ad
594 2933 745 2990 exercitum
760 2934 918 2991 mitterent:
938 2951 995 2989 non
1008 2927 1115 3004 manes,
1128 2951 1186 2990 non

254 3010 394 3086 “stirpem
414 3011 474 3086 ejus
493 3010 688 3084 conquiescere
702 3011 771 3079 viri3
792 3031 845 3072 nec
866 3029 997 3083 unquam,
1011 3010 1103 3067 donec
1122 3027 1186 3068 san·

253 3087 374 3164 “guinis
394 3088 567 3161 nominisque
596 3087 708 3145 Barcini
735 3091 877 3163 quisquam
906 3087 1032 3162 supersit,
1059 3089 1187 3163 quietura

253 3165 412 3236 “Romana
430 3165 541 3222 soedera.
593 3165 729 3222 Juvenem
757 3167 918 3242 flagrantum
944 3165 1076 3241 cupidine
1096 3166 1185 3243 regni,

254 3253 272 3280 ‘⁴
282 3245 407 3318 viamque
421 3253 504 3300 unam
526 3243 560 3300 ad
581 3243 609 3299 id
623 3255 793 3314 cernentem,
807 3243 840 3314 si,
860 3262 896 3300 ea
916 3243 995 3300 bellis
1009 3243 1081 3302 bella
1094 3264 1187 3302 seren·

221 3322 327 3389 aa“do,
341 3322 502 3396 succinctus
515 3321 598 3378 armis
611 3320 819 3396 legionibusque
841 3321 922 3393 vivat,
943 3322 1018 3379 uelut
1041 3316 1187 3380 materiam

254 3391 524 3475 “igni'”praebentes,
548 3399 583 3454 ad
607 3399 893 3490 exercituspmisistis:
926 3400 1032 3458 aluistis
1044 3419 1112 3475 ergo
1132 3400 1186 3458 hoc

255 3484 273 3512 ‘⁴
282 3477 455 3548 incendium,
468 3496 521 3550 quo
533 3495 610 3533 nunc
626 3473 777 3540 ardeatis,
792 3477 948 3552 Saguntum
962 3478 1045 3536 vestri
1068 3477 1187 3535 circum·

255 3554 373 3612 “rident
385 3555 532 3627 exercitus,
546 3554 620 3611 unde
634 3551 875 3612 arcentursoedere
888 3574 894 3612 τ
909 3575 973 3614 mox
986 3554 1186 3631 Carthaginem

255 3632 677 3690 “circumsidebunt⁸Romanae
697 3633 830 3708 legiones,
856 3633 975 3692 ducibus
994 3633 1093 3690 iisdem
1113 3633 1186 3698 Diis,

220 3717 332 3786 sot‘per
344 3729 411 3784 quos
424 3711 514 3786 priore
527 3710 599 3768 bello
617 3723 695 3785 rupta
719 3711 822 3768 foedera
836 3723 900 3768 sunt
913 3711 972 3768 ulti.
1012 3707 1115 3770 Utrritn¹
1124 3711 1187 3768 hos·

254 3795 348 3856 “tem,
370 3807 405 3846 nn
425 3807 482 3857 ros,
510 3808 546 3846 an
566 3789 703 3846 fortunam
732 3789 873 3863 utriusque
902 3788 1006 3872 populi,
1030 3787 1186 3862 ignoratis?
