2622 4194
541 351 640 413 LIBER
656 353 675 444 1τ
707 367 871 414 esnxstnn
1114 359 1154 438 η
1253 363 1257 370 “

226 497 249 538 ⁸⁶
258 497 380 576 quinium
402 511 478 558 creat
501 507 634 578 vocatque
653 519 756 578 regem.
795 502 855 560 Aut
875 502 898 560 si
920 503 956 560 ad
978 503 1040 562 uec
1055 516 1152 580 perum

228 581 250 618 ‘⁶
262 589 303 636 est
315 579 405 649 animi,
427 579 493 653 quid
514 579 650 638 frustraris
670 580 831 638 civiteteml
869 581 935 656 quid
955 591 982 640 te
1003 585 1152 659 utrogium

227 657 381 732 “juvenem
402 656 527 731 conspici
552 657 641 716 sinisl
680 655 800 716 Facesse
820 659 886 716 hinc
906 659 1082 734 Tarquinios,
1104 674 1153 722 aut

227 734 427 791 “Cormthum
468 735 618 799 Desclvere
639 746 712 793 retro
734 736 768 793 ad
789 736 909 812 stirpem,
930 736 1004 794 fratri
1027 739 1150 808 slmilion

204 811 333 885 3“quim
356 813 458 886 patri.”
475 812 529 871 llis
549 814 663 888 aliisque
689 813 858 888 increpando
879 813 1009 888 juvenem
1029 815 1150 893 instigat,

221 907 275 950 uec
287 890 486 964 conquiescere
499 892 559 966 ipss
570 903 675 966 potest3
695 891 718 947 si
734 891 831 965 (quum
844 891 992 966 Tanaquil,
1007 896 1152 969 peregrine

220 967 328 1038 mulier,
344 969 448 1026 tantum
463 970 551 1027 moliri
565 969 697 1044 potuisset
719 969 819 1038 enimc,
837 980 867 1026 ut
879 970 934 1026 duo
946 971 1078 1028 continue
1090 991 1151 1049 reg·

219 1045 338 1118 navim,
361 1059 394 1103 ec
420 1047 552 1122 deinceps
571 1067 683 1123 genero,
706 1047 839 1125 dedisset)
867 1047 932 1122 ipss,
955 1050 1031 1124 regio
1043 1052 1150 1110 semiue

219 1135 289 1190 orte,
303 1124 409 1180 nullum
423 1135 595 1184 momentum
607 1127 635 1182 in
652 1125 744 1182 dando
764 1125 964 1199 adimendoque
978 1145 1062 1202 reguo
1075 1129 1150 1186 sace

187 1225 212 1265 ιο
221 1211 271 1259 ret
311 1201 365 1288 ῌὶε
378 1203 558 1260 muliebribus
571 1203 717 1260 instinctus
731 1201 807 1259 furiis
819 1202 989 1276 Tarquinios
1002 1205 1149 1266 circumito

221 1291 250 1336 ot
262 1297 401 1354 prensare,
415 1281 551 1337 micorum
568 1279 688 1336 maximi
711 1281 845 1354 gentium,
863 1281 973 1350 Patres;
1001 1283 1151 1342 admouere

220 1357 329 1432 paterni
344 1358 480 1424 beneficii,
495 1375 528 1413 ac
541 1373 590 1432 pro
602 1358 763 1432 engratiam
776 1369 900 1434 repetere
911 1378 920 1426 ς
945 1360 1055 1418 allicere
1067 1363 1148 1420 donis

217 1433 354 1510 juvenes:
375 1445 432 1492 tum
445 1435 481 1491 de
494 1453 523 1492 se
537 1433 660 1510 ingentia
681 1436 845 1510 pollicendo,
869 1447 927 1494 turn
940 1438 1014 1512 regis
1026 1439 1148 1497 criminid

220 1513 281 1585 bus,
295 1513 424 1570 omnibus
435 1512 504 1569 locis
517 1532 662 1572 crescere:
690 1513 837 1588 postremi),
858 1526 889 1572 ut
907 1514 964 1588 jam
979 1517 1093 1589 egeudae
1107 1515 1147 1576 rei

187 1611 211 1655 rs
220 1600 327 1666 tempus
340 1591 428 1648 visum
441 1601 492 1658 est,
507 1592 622 1666 stipatus
636 1592 746 1666 agmine
770 1603 944 1659 armatorum,
968 1592 996 1650 in
1011 1593 1099 1651 sorum
1112 1593 1147 1652 ir·

219 1670 311 1744 rupit:
338 1669 414 1736 inde,
431 1669 560 1727 omuibus
573 1669 706 1744 perculsis
728 1689 837 1744 pavore,
860 1672 889 1726 iu
912 1671 990 1745 regii
1009 1672 1074 1728 sede
1096 1692 1146 1746 pro

220 1747 299 1804 curii
321 1747 430 1814 sedens,
449 1759 540 1821 patres
563 1747 718 1804 incuriam
741 1766 790 1821 per
813 1767 968 1822 preconem
994 1749 1028 1806 ad
1051 1766 1145 1826 regem

219 1821 403 1900 Tarquinium
425 1825 503 1882 citari
521 1825 610 1900 jussit.
664 1825 826 1883 Convenere
846 1827 990 1900 extemplo,
1018 1825 1063 1884 alii
1087 1827 1145 1902 jam

217 1904 280 1965 tuti
302 1904 337 1965 ed
360 1905 412 1966 hoc
431 1905 584 1983 praeparati,
612 1902 659 1962 alii
678 1914 761 1975 metu,
788 1923 824 1964 ne
846 1905 1029 1964 convenisse
1056 1905 1144 1966 fraudi

182 1997 298 2057 coesset,
312 1988 432 2047 novitate
445 2005 480 2048 as
492 1982 624 2049 mumulo
645 1983 761 2060 attoniti,
781 1985 883 2068 etjam
896 1983 1145 2054 deservientem

218 2067 278 2142 reti.
319 2067 363 2124 Ibi
388 2067 567 2141 Tarquinius,
593 2070 740 2127 maledicta
765 2071 800 2128 ab
825 2071 907 2148 stirpe
929 2072 1024 2130 ultimi
1049 2089 1144 2144 orsns3

217 2145 237 2177 “
250 2145 376 2211 Servum,
391 2147 522 2218 servaque
534 2159 638 2216 natum,
652 2159 712 2220 post
731 2161 847 2206 mortem
868 2152 1010 2226 indiguam
1024 2154 1145 2227 parentIs

216 2222 298 2289 “sui‚
314 2240 370 2279 non
381 2223 548 2296 interregno,
564 2236 594 2279 ut
614 2234 704 2292 antea,
727 2226 804 2291 inito,
826 2245 880 2282 uon
901 2229 1021 2285 comitiis
1034 2231 1143 2296 habitis,

214 2300 234 2334 “
245 2317 300 2356 nou
315 2319 364 2375 per
377 2301 537 2375 suffragium
545 2300 646 2376 populi,
658 2319 714 2356 uon
729 2303 886 2359 auctoribus
900 2305 1035 2370 Patribus,
1049 2308 1145 2362 mulie·

179 2377 285 2438 ssi‘bri
299 2379 373 2435 dono
385 2397 501 2453 regnum
515 2380 676 2454 occupdsse.
716 2377 759 2435 lta
782 2390 885 2450 natum,
909 2382 948 2437 ita
968 2393 1146 2441 creetumrc·

213 2458 232 2492 “
242 2475 315 2531 gem,
331 2455 465 2513 fautorem
487 2457 573 2514 infimi
597 2457 707 2532 generis
728 2458 880 2525 hominum,
903 2477 938 2515 ex
958 2477 1012 2532 quo
1027 2461 1084 2535 ipse
1097 2463 1142 2527 sit,

213 2535 306 2591 “odio
319 2535 416 2591 aliene
437 2535 587 2592 honestatis
609 2546 733 2610 ereptum
756 2535 920 2610 primoribus
941 2555 1035 2612 agrum
1058 2539 1144 2596 sordi·

211 2613 355 2669 “dissime
377 2613 477 2686 cuique
497 2613 637 2670 divisisse:
666 2613 760 2670 omnis
781 2631 874 2685 onera,
897 2634 958 2689 qum
984 2617 1144 2674 communia

211 2693 232 2726 “
242 2691 379 2763 quondam
394 2690 505 2756 fuerint,
520 2691 670 2748 inclinisse
688 2692 716 2747 in
730 2692 862 2765 prImores
875 2694 1008 2750 civitatis:
1035 2695 1143 2752 institu·
1174 2707 1177 2712 “

179 2771 231 2826 as“
241 2768 294 2825 isse
308 2787 433 2836 censum,
447 2779 478 2825 ut
491 2769 608 2844 insignis
621 2770 656 2826 sd
670 2769 800 2826 invidIam
813 2770 1020 2846 locupletiorum
1033 2771 1143 2828 fortuna

212 2850 231 2884 “
241 2856 322 2920 esset,
336 2856 364 2902 et
376 2857 479 2921 parata,
493 2847 577 2914 unde,
592 2847 638 2902 ubi
659 2847 749 2918 vellet,
772 2849 957 2922 egentissimis
970 2848 1140 2922 largiretur.”

249 3001 387 3062 XLVIII.
428 3002 504 3059 Huic
521 3001 638 3060 orationi
652 3003 764 3060 Servius
776 3021 861 3078 quum
875 3001 1072 3072 intervenisset,
1087 3012 1142 3059 tre-

210 3083 275 3158 pido
298 3081 396 3139 nuntio
422 3081 565 3152 excitatus,
586 3081 723 3154 extemplo
745 3099 762 3138 a
782 3080 915 3136 vestibulo
935 3079 1019 3134 curias
1040 3083 1141 3156 magni

207 3175 288 3228 voce,
303 3159 412 3220 “Quid
426 3160 507 3225 hoc,’'
522 3159 618 3234 inquit,
639 3163 657 3194 ‘⁸
669 3158 814 3232 Tarquini,
835 3161 875 3214 rei
888 3157 952 3212 estt
976 3159 1029 3231 qui
1048 3169 1078 3216 tu
1091 3177 1140 3215 au-

176 3241 230 3300 ts“
241 3239 332 3310 dacin,
345 3255 390 3293 me
404 3238 473 3306 viso,
497 3255 594 3292 vocare
609 3254 693 3293 ausus
713 3255 743 3292 es
757 3236 860 3303 Patres,
882 3244 929 3290 aut
948 3235 978 3292 in
994 3237 1060 3292 sede
1073 3255 1140 3293 con·

211 3317 330 3374 “sidere
351 3314 457 3372 meW
497 3313 594 3375 Quum
614 3314 661 3372 ille
682 3313 808 3372 ferociter
831 3314 865 3368 ad
889 3313 958 3385 hec,
977 3313 1140 3388 “Sepstris

207 3395 228 3429 “
240 3395 282 3451 sui
296 3405 391 3451 tenere
404 3393 509 3465 sedem,
530 3391 627 3464 multu,
650 3390 732 3466 quim
753 3407 871 3457 seruum,
894 3392 1026 3465 potiorem
1051 3389 1139 3446 lilium

208 3473 229 3506 “
239 3472 311 3548 regis
323 3469 402 3548 regni
424 3471 581 3526 heredem:
617 3471 683 3527 setis
703 3468 778 3524 illum
800 3468 846 3524 diu
866 3469 1068 3542 perlioentiam
1081 3465 1139 3522 eln-

206 3549 230 3585 “
239 3549 350 3606 dentem
363 3547 510 3606 insultasse
523 3547 641 3604 dominis
651 3567 660 3615 3
670 3546 688 3574 ”
714 3546 818 3602 clamor
831 3546 866 3602 ab
878 3547 1019 3621 utriusque
1027 3544 1139 3602 fautori-

173 3643 200 3685 s)
209 3628 263 3685 bus
275 3626 370 3700 oritur,
382 3637 410 3683 et
420 3643 573 3682 concursus
586 3624 677 3700 populi
692 3622 776 3680 fiebat
789 3623 817 3678 iu
830 3624 954 3680 curium:
978 3622 1139 3696 apparebat-

208 3723 263 3784 que
276 3715 463 3778 regnaturum,
477 3703 523 3777 qui
537 3702 656 3758 vicisset.
695 3699 771 3757 Tum
785 3699 963 3774 Tarquinius,
972 3699 1138 3756 necessitate

204 3783 266 3862 jam
279 3782 337 3859 ipsa
349 3791 467 3858 cogente
487 3779 584 3838 aItIms
602 3779 715 3846 audere,
735 3777 868 3840 mundet
889 3787 970 3834 msto
988 3785 1017 3832 et
1035 3775 1139 3832 visihoe
