2638 4206
169 287 211 350 ω
549 287 616 338 mur
631 287 714 338 nvn

171 427 217 488 his
227 446 288 506 qua
301 437 364 488 aeta
376 428 474 488 Roma
488 429 640 502 audierant,
654 427 813 506 perturbati,
826 427 937 496 alludia
949 428 1031 489 aliam
1043 447 1104 507 pm·

172 516 229 565 tem
252 517 413 580 castrorum,
434 507 470 566 ad
482 507 619 566 sedandos
639 519 729 570 motus
749 507 923 567 discurrunt:
956 519 985 566 et
1005 509 1103 568 leniter

172 584 318 661 agentibus
331 604 491 662 responsum
504 604 560 644 non
574 586 714 644 redditur:
744 584 888 662 imperium
912 586 936 644 si
959 587 1020 660 quis
1033 587 1104 646 inhi-

172 662 258 730 beret,
278 665 333 720 “et
354 664 423 720 viros
445 673 473 722 et
495 674 614 722 armatos
636 683 666 722 se
686 661 777 731 esse,”
800 664 987 738 respondetur.
1028 664 1105 723 Eunt

172 741 283 815 agmine
296 741 332 799 ad
345 741 448 799 Urbem
471 751 500 798 et
522 741 692 800 Aventinum
716 741 855 810 insidunt;
888 752 919 798 ut
931 742 1045 816 quisque
1058 761 1106 800 oc·
1125 752 1138 792 ⁵

171 827 304 888 currerat,
330 819 438 894 plebem
465 818 500 876 ad
527 820 705 895 repetendam
732 819 887 878 libertatem
917 822 1107 896 creandosque

171 895 298 954 tribunos
311 897 398 972 plebis
411 897 606 955 adhortantes:
637 897 691 954 alia
708 914 761 954 vox
783 897 858 954 nulla
880 897 999 954 violenta
1012 899 1107 956 audita

170 984 223 1030 est.
263 975 397 1032 Senatum
412 976 460 1050 Sp.
474 975 583 1051 Oppius
596 975 697 1033 habet:
728 974 797 1032 nihil
819 975 911 1050 placet
932 975 1028 1050 aspere
1042 977 1105 1052 agi;

172 1051 281 1129 quippe(
300 1054 334 1110 ab
354 1053 420 1128 ipsis
440 1053 535 1110 datum
555 1054 648 1111 locum
668 1051 810 1111 seditionis
834 1072 904 1110 esse.
957 1053 1107 1112 Mittuntur

175 1137 232 1185 tres
245 1130 328 1208 legati
342 1131 509 1202 consulares,
524 1132 572 1207 Sp.
586 1131 734 1207 Tarpejus,
748 1130 781 1187 C.
796 1129 896 1198 Julius,
911 1131 942 1187 P.
957 1131 1106 1206 Sulpicius,
1118 1142 1141 1180 1⁰

172 1208 220 1280 qui
233 1220 387 1282 quaererent
400 1210 511 1266 senatus
524 1209 623 1282 verbis,
644 1213 662 1245 “
673 1210 753 1285 cujus
773 1208 852 1284 jussu
872 1220 962 1266 castra
975 1209 1109 1267 deseruis-

172 1288 287 1344 “sentl
308 1285 433 1361 autquid
446 1287 499 1344 sibi
522 1287 631 1358 vellent,
655 1288 703 1362 qui
727 1286 823 1344 armati
845 1287 1019 1344 Aventinum
1032 1288 1109 1344 obse·

173 1363 192 1397 “
202 1363 322 1435 dissent;
343 1365 469 1440 belloque
483 1382 578 1423 averso
591 1365 627 1422 ab
640 1365 773 1437 hostibus,
796 1365 910 1440 patriam
929 1384 1007 1421 suam
1021 1366 1110 1440 cepis-

173 1442 312 1499 “sentl”
364 1441 430 1500 Non
456 1443 553 1510 deluit,
580 1442 646 1518 quid
671 1443 899 1519 responderetur:
932 1443 1036 1511 deerat,
1061 1445 1109 1519 qui

174 1517 253 1577 daret
265 1539 436 1596 responsum,
460 1521 536 1579 nullo
559 1522 625 1578 dum
639 1531 716 1580 certo
736 1521 818 1592 duce,
839 1539 893 1578 nec
907 1521 973 1578 satis
987 1523 1142 1580 audenti-15

174 1595 226 1654 bus
239 1598 355 1675 singulis
369 1599 479 1656 invidiae
493 1618 523 1656 se
536 1599 643 1657 offerre.
684 1599 716 1655 Id
731 1597 812 1656 modo
826 1618 842 1656 a
854 1598 1030 1656 multitudine
1046 1619 1111 1657 eon·

173 1674 324 1734 clamatum
337 1687 389 1744 est,
412 1679 431 1712 “
440 1687 472 1733 ut
484 1676 517 1734 L.
532 1675 674 1735 Valerium
696 1686 724 1733 et
739 1675 778 1734 M.
793 1675 940 1734 Horatium
958 1679 992 1734 ad
1006 1697 1036 1734 se
1049 1678 1110 1736 mit-

173 1749 193 1786 ι’
202 1762 311 1812 terent:
333 1754 375 1811 his
388 1773 419 1810 se
432 1754 545 1812 daturos
557 1756 746 1831 responsum.”

213 1907 262 1968 LI.
293 1909 541 1986 Dimissislegatis,
566 1912 697 1970 admonet
718 1911 820 1969 milites
833 1910 988 1988 Virginius
1012 1913 1067 1970 “in
1081 1933 1111 1970 re
1155 1923 1157 1936 ²

144 2023 147 2029 ·
175 1989 258 2046 “non
273 1989 391 2047 maxima
405 1986 486 2064 paulo
500 1987 565 2046 ente
583 1990 749 2066 trepidatum
773 2009 844 2057 esse,
869 1991 934 2064 quia
947 1990 1006 2047 sino
1021 1991 1145 2066 capitem

175 2066 349 2125 “multitudo
363 2065 461 2124 fuerit:
482 2085 707 2142 responsumque,
722 2086 887 2143 quamquam
901 2087 956 2125 non
970 2068 1111 2140 inutiliter,

175 2142 313 2202 “fortuito
336 2154 429 2202 tamen
450 2146 540 2221 magis
563 2165 712 2218 consensu,
738 2147 820 2220 quam
842 2147 982 2202 communi
997 2147 1115 2204 consilio

175 2225 271 2278 “esse.
312 2222 427 2280 Placere
448 2223 546 2280 decem
566 2223 664 2294 creari,
685 2223 733 2298 qui
757 2242 871 2282 summae
893 2223 933 2279 rei
953 2235 1112 2299 preessent,

175 2293 368 2375 “militarique
391 2301 495 2358 honore
520 2301 645 2360 tribunos
665 2302 782 2360 militum
803 2300 963 2376 appellari.''
1014 2300 1112 2363 Quum

176 2378 212 2437 ad
239 2396 304 2435 eum
324 2379 414 2454 ipsum
440 2378 559 2454 primum
580 2380 603 2436 is
622 2380 710 2437 honos
730 2380 892 2450 deterretur,
920 2378 1145 2438 “Melioribusa

176 2461 195 2494 “
205 2456 274 2512 meis
287 2456 437 2530 vestrisque
453 2456 534 2513 rebus
556 2458 723 2524 reservate,”
738 2458 835 2533 inquit,
849 2460 867 2491 “
879 2459 931 2514 ista
950 2458 985 2514 de
1006 2478 1050 2516 me
1071 2459 1114 2535 ju·

177 2533 286 2590 “dicia
326 2531 390 2590 Nec
416 2532 484 2590 mihi
510 2533 567 2590 filia
592 2533 680 2592 inulta
700 2535 832 2592 honorem
854 2535 939 2592 ullum
957 2536 1113 2611 jucundum

176 2617 268 2667 “esse
293 2611 414 2686 patitur3
446 2630 501 2668 nec
520 2612 550 2669 in
568 2613 727 2687 perturbatis
754 2611 895 2688 republica
918 2633 965 2671 eos
986 2615 1051 2672 utile
1072 2626 1114 2672 est

175 2698 321 2764 “preesse
348 2688 434 2755 vobis,
454 2689 501 2764 qui
526 2690 644 2765 proximi
664 2690 774 2748 invidiae
800 2691 862 2748 sint.
916 2692 947 2750 Si
967 2694 1028 2767 quis
1048 2713 1114 2750 usus

176 2768 258 2824 “mei
285 2778 336 2839 est,
362 2767 450 2824 nihilo
475 2766 566 2825 minor
585 2787 620 2824 ex
642 2769 747 2844 privato
761 2769 911 2844 capietur.’'
952 2771 996 2828 Ita
1015 2771 1146 2828 decemo

175 2863 293 2903 numero
306 2843 431 2903 tribunos
444 2845 576 2904 militares
590 2859 695 2905 creant.
735 2847 835 2922 Neque
848 2849 877 2906 in
889 2849 1000 2906 Sabinis
1011 2849 1113 2924 quievit

173 2923 332 2998 ¹exereitus:
354 2923 391 2981 ibi
405 2942 522 2998 quoque,
537 2935 649 2982 auctore
663 2925 744 2983 Icilio
757 2926 978 3000 Numitorioque,
993 2928 1113 2986 secessio

176 3001 212 3057 ab
226 3001 391 3060 decemviris
405 3003 478 3060 lacta
491 3011 542 3075 est,
556 3021 612 3060 non
633 3003 739 3060 minore
763 3016 838 3062 motu
857 3005 1011 3062 animorum
1026 3004 1114 3062 Siccii

127 3075 134 3086 “
176 3078 261 3135 caedis
274 3081 408 3138 memorii
421 3083 558 3153 revocati,
571 3079 655 3155 quim
677 3100 760 3155 quem
784 3101 854 3140 nova
872 3082 945 3138 sama
957 3081 992 3138 de
1007 3081 1114 3157 virgine

176 3155 247 3212 aded
261 3155 332 3214 toedt
346 3159 381 3215 ad
404 3158 548 3215 libidinem
571 3159 659 3234 petiit
679 3161 853 3218 accenderat.
894 3159 991 3216 Icilius
1004 3159 1052 3217 ubi
1066 3170 1148 3217 atu-3⁵

178 3233 258 3301 divit,
273 3234 398 3293 tribunos
411 3237 529 3293 militum
543 3237 571 3294 in
586 3237 727 3296 Aventino
750 3249 865 3306 creatos,
889 3257 926 3295 ne
939 3237 1113 3296 comitiorum

177 3310 337 3370 militarium
351 3315 557 3390 prerogativam
571 3315 678 3372 urbana
691 3317 803 3374 comitia
815 3316 914 3374 iisdem
928 3315 1045 3375 tribunis
1058 3315 1115 3392 ple-

176 3389 220 3447 bis
234 3389 362 3447 creandis
375 3403 563 3466 sequerentur,
577 3393 682 3468 peritus
704 3413 796 3452 rerum
819 3395 1001 3470 popularium,
1025 3395 1115 3452 immi-

177 3486 302 3544 nensque
316 3467 342 3525 ei
355 3470 493 3543 potestati,
514 3470 615 3546 etipse
636 3471 719 3546 priris,
743 3471 827 3548 qudm
841 3473 925 3530 iretur
945 3473 980 3530 ad
999 3471 1114 3540 Urbem,

178 3547 239 3620 pari
252 3555 387 3622 potestate
399 3549 529 3606 eumdem
552 3567 700 3608 numerum
721 3551 756 3608 ab
776 3551 833 3608 suis
854 3551 1005 3609 creandum
1027 3562 1148 3610 curatae

179 3621 264 3680 Portt
277 3623 386 3683 Collina
408 3625 513 3684 Urbem
534 3626 670 3686 intravdre
692 3630 744 3686 sub
767 3629 863 3705 signis,
884 3630 1029 3705 mediique
1048 3630 1115 3688 urbe

180 3700 292 3778 agmine
306 3703 336 3762 in
356 3703 528 3763 Aventinum
543 3717 681 3784 pergunt:
715 3707 763 3776 ibi,
784 3705 928 3783 conjuncti
942 3709 1020 3768 elteri
1040 3726 1117 3767 erer-
