2620 4200
401 755 510 814 LIBRI
531 755 710 816 VIGESIMI
731 755 894 844 SEPTIMI

510 945 581 994 cte.
596 945 791 994 xxxvt-Lt.

410 1307 530 1343 mutuom
548 1309 625 1344 LIBRI
639 1309 763 1346 Vtcttstm
781 1309 897 1344 uteriui.

217 1431 259 1473 (lu.
267 1431 364 1474 marrus
372 1435 534 1485 pronominum
543 1436 638 1486 ambitu,
650 1436 675 1476 ab
683 1434 792 1476 Hannibale
797 1436 821 1476 ati
829 1433 950 1491 Herdoneam
956 1437 1057 1472 manant
1074 1433 1117 1474 Ha·

193 1476 241 1520 liora
249 1488 320 1522 aventu
328 1494 341 1522 a
348 1483 433 1522 Claudio
439 1483 535 1528 Muoaiio
541 1485 619 1524 murata
628 1486 721 1526 adventis
728 1486 818 1524 aumrlam
825 1486 848 1524 ad
857 1483 1001 1540 Numistronem
1010 1488 1117 1532 pugnatum

193 1535 224 1568 ost
233 1541 239 1569 s
251 1529 296 1570 intls
305 1529 403 1571 Hannibal
409 1538 467 1572 uootu
476 1532 564 1572 raeasait.
581 1533 685 1572 Marcellus
694 1533 792 1574 insecutus
800 1539 829 1572 ast
843 1537 863 1570 et
872 1531 950 1569 subinde
958 1529 1057 1576 aadautom
1064 1543 1118 1579 pras-

194 1576 303 1665 rtrsssouss
315 1580 437 1630 nubigeras
463 1581 600 1670 rriouffugna
614 1582 713 1621 unsrun
730 1582 814 1639 ruperto:
828 1559 872 1628 luit,
886 1578 1116 1628 uaraattuaiasaqaaurt.

196 1623 226 1664 Ha
239 1626 270 1666 ius
279 1625 377 1668 Maximus
385 1635 441 1678 putor
456 1630 523 1668 mutui
556 1631 654 1670 arentinos
663 1643 698 1679 par
708 1629 834 1680 prodromum
847 1627 925 1684 recepit,
949 1627 973 1666 ln
985 1627 1079 1678 Hispania
1090 1627 1118 1670 ad

195 1672 293 1714 lineolam
309 1676 376 1725 astuta
398 1689 443 1716 anm
460 1675 580 1717 Hasdrubale
595 1678 713 1717 Hamilcaris
724 1675 818 1724 eonttiuit,
837 1681 930 1732 utunt-
955 1675 1060 1715 lateralia
1071 1687 1108 1733 on¹

195 1726 238 1760 tum
256 1734 338 1771 unarum
356 1725 441 1774 regalem
460 1726 537 1764 eximia
548 1725 614 1765 torm·
632 1728 657 1766 ad
673 1727 788 1766 surranum
806 1723 941 1764 usurarum
959 1736 1004 1765 euni
1022 1725 1077 1783 donis

195 1768 257 1816 misit.
290 1770 384 1810 claudius
401 1772 514 1822 btsraattus,
529 1774 555 1812 T.
572 1774 667 1814 Quintius
686 1773 790 1822 Crispinus,
810 1771 907 1822 eonsules,
928 1784 939 1810 s
974 1773 1041 1812 ulands
1058 1775 1119 1832 onus&

196 1891 280 1962 Aeniam
288 1929 352 1973 gatus
361 1923 457 1964 cornuae.
484 1933 573 1967 xxxvi.
583 1920 690 1968 Lustrum
699 1931 712 1964 a
722 1919 856 1964 censoribus
865 1919 983 1968 eonditum
995 1929 1045 1967 est:
1062 1934 1118 1968 een·

117 1991 121 2006 ·
196 1989 223 2026 sa
233 1985 287 2027 suut
299 1981 385 2028 civium
396 1983 471 2042 capita
489 1987 583 2029 centum
601 1983 688 2045 triginta
703 1985 793 2040 septam
810 1980 993 2035 mititaeerrmm
1010 1987 1034 2030 et
1050 1988 1118 2031 octo:
1166 1974 1169 1980 ’

197 2053 228 2088 ex
239 2055 285 2102 quo
296 2055 392 2090 numero
403 2045 515 2104 apparuit,
525 2049 634 2105 quantum
645 2041 761 2090 bominum
778 2047 812 2089 tot
829 2043 958 2102 proeliorum
969 2044 1065 2091 adversa
1075 2043 1120 2091 lor·

197 2105 255 2149 tuna
270 2105 355 2164 populo
372 2105 479 2153 Romano
500 2106 637 2154 abstulisset·
674 2115 762 2159 xxxix,
780 2104 824 2152 &a
848 2103 989 2160 Hasdrubal,
1007 2107 1046 2167 qui
1066 2121 1121 2154 oum

197 2163 304 2212 exercitu
324 2179 385 2214 novo
410 2169 582 2216 transcenderat
602 2167 678 2224 Alpes,
707 2170 734 2212 ut
761 2179 788 2212 se
809 2165 935 2215 Hannibali
960 2168 1121 2231 conjungeret,

198 2235 254 2271 eum
286 2227 386 2275 millibus
421 2229 542 2277 bominum
565 2227 724 2290 quinquaginta
753 2241 797 2274 sex
826 2242 900 2274 casus
922 2234 968 2283 est,
996 2229 1032 2276 M.
1060 2231 1120 2276 Livii

198 2285 303 2334 consulis
326 2290 407 2347 duotu,
430 2293 472 2338 sed
494 2306 541 2339 non
565 2293 648 2338 minore
671 2283 742 2349 operi
766 2289 856 2336 Claudii
879 2290 979 2350 Neronis
1001 2293 1121 2350 oonsulis3

197 2359 275 2396 xnrri.
291 2349 347 2406 Qut,
355 2367 427 2412 quum
439 2353 562 2400 Hannibali
573 2350 687 2410 mpositus
702 2357 774 2406 esset,
790 2351 875 2398 relictis
885 2353 973 2408 castris,
984 2353 1016 2400 ita
1027 2362 1052 2401 ut
1067 2355 1121 2400 bos·

198 2413 248 2458 tana
268 2410 365 2470 falleret,
386 2429 440 2462 uum
459 2411 536 2463 elesii
552 2425 615 2463 nanu
633 2411 759 2470 proiectus,
777 2412 947 2462 Hasdrubalem
962 2416 1121 2465 circumvenit.

171 2503 173 2512 ,
200 2467 347 2532 [Gaza-nu
369 2476 541 2524 mailli-545.
567 2472 741 2526 „abib-2074

238 2703 379 2764 XXXVI.
412 2708 456 2766 De
482 2707 659 2767 Hadrubal'u
687 2709 808 2766 adventu
827 2709 856 2766 in
878 2710 985 2770 Italiam
1006 2731 1073 2772 eura
1092 2713 1157 2778 in„

101 2859 105 2868 Ι
200 2782 260 2840 dies
273 2786 425 2843 oreseebat.
464 2785 676 2845 Massiliensium
689 2785 807 2862 primum
819 2788 903 2865 legati
919 2790 1122 2864 nuntiaverant,
1137 2779 1152 2868 ζ
1171 2847 1175 2856 ,

199 2879 264 2919 eum
291 2861 319 2920 in
345 2864 462 2924 Galliam
489 2877 702 2940 transgressum
735 2875 896 2940 erectosque
916 2868 1035 2926 adventu
1054 2870 1144 2944 ejus‚’

198 2939 264 3012 quia
284 2959 415 3017 magnum
437 2943 540 3018 pondus
561 2944 619 3008 auri
640 2944 761 3002 attulisse
784 2943 921 3002 diceretur
940 2944 973 3001 ad
994 2946 1145 3004 mercede·

200 3016 302 3074 auxilia
324 3021 511 3086 conducenda,
532 3021 673 3078 Gallorum
686 3021 801 3078 animos.
839 3021 919 3078 Missi
939 3021 1039 3078 deinde
1057 3040 1155 3083 eume

200 3091 235 3148 iis
248 3093 331 3168 legati
345 3097 380 3153 ab
392 3099 481 3156 Romi
494 3099 558 3156 Sex.
575 3098 712 3155 Antistius
724 3109 752 3155 et
766 3097 806 3156 Μ.
820 3099 934 3156 Raecius
948 3099 983 3154 ad
1003 3117 1062 3156 rem
1082 3099 1124 3157 in·
1140 3101 1155 3143 ‚⁰

201 3169 382 3246 spiciendam,
396 3178 550 3246 retulerant,
574 3177 682 3234 misisse
705 3194 815 3234 seeum
835 3175 1056 3234 Massiliensibus
1075 3159 1160 3247 ‹tu-3

201 3246 289 3314 nibus,
309 3251 356 3322 qui
376 3253 561 3329 per-lespites
574 3271 678 3321 eorum,
698 3254 836 3330 prinsipes
855 3254 1006 3324 Gallorum,
1029 3251 1160 3312 omnia*

201 3323 341 3400 explorata
362 3329 500 3389 referrent.
540 3331 594 3390 Pro
616 3344 755 3407 oomperto
777 3331 887 3398 habere,
911 3332 1125 3400 Hasdrubalem,

201 3401 307 3479 ingenti
324 3404 381 3480 jam
401 3419 495 3466 ooaoto
514 3409 647 3477 exercitu,
668 3409 790 3484 proximo
808 3427 872 3466 vere
892 3410 979 3486 Alpes
998 3411 1161 3486 trajectu-io

201 3498 278 3549 rum;
298 3500 352 3540 neo
365 3493 422 3542 tum
435 3504 496 3543 eum
511 3487 746 3562 quidquamaliud
762 3487 871 3558 morari,
892 3487 945 3544 nisi
965 3487 1040 3563 quod
1053 3489 1127 3546 olau-

202 3575 241 3612 sae
254 3559 344 3616 bieme
357 3559 443 3637 Alpes
465 3575 565 3620 essent
617 3565 650 3621 In
674 3564 766 3622 looum
779 3563 820 3621 M.
835 3565 963 3623 Marcelli
983 3566 1014 3624 P.
1035 3566 1128 3624 AElius

203 3631 295 3692 Palus
308 3656 394 3713 augur
407 3651 515 3698 oreatus
527 3641 758 3718 inauguratusque
769 3660 778 3712 ς
805 3652 834 3700 et
846 3641 900 3700 Gn.
914 3643 1060 3703 Cornelius
1072 3644 1128 3702 Do-

203 3707 362 3772 labellarex
374 3733 513 3775 sacrorum
535 3719 714 3797 inauguratus
735 3731 777 3780 est
797 3720 826 3779 in
848 3720 942 3784 looum
962 3722 1003 3782 M.
1017 3721 1126 3796 Murali,
