2638 4206
564 334 664 388 traua
679 339 723 388 tx.
743 351 802 398 oss.
814 353 845 387 rr.
1109 341 1165 404 ld?

240 476 344 539 “Deus
355 479 572 556 mitigandosque
586 481 712 538 homiues
733 481 830 556 potuit,
850 478 933 554 quan
951 481 1024 554 quod
1037 495 1087 541 nos
1100 481 1167 540 leci·

240 561 259 594 “
269 559 349 632 musi
389 559 448 616 Res
455 560 602 616 hostium
595 579 622 616 ιιι
644 560 734 633 praede
756 572 860 633 captas,
875 576 934 631 quur
948 558 1039 616 belli'
1029 579 1091 648 jure
1104 577 1167 618 uos-

240 627 316 700 “tra
330 637 500 706 videbantur,
514 638 685 698 remisimus.
706 649 832 694 auctores
846 637 919 708 belli,
941 636 1006 710 quia
1023 637 1097 694 ιιιοι
1109 656 1167 696 nou

239 713 412 787 “potuimus,
433 683 616 790 perfunctos
607 734 663 789 jam
684 715 740 771 sato
759 715 933 778 dedidimus.
967 714 1038 772 bona
1060 731 1167 788 eorum,

216 795 256 838 δι·
252 809 301 846 ·ne
332 792 398 866 quid
431 811 466 850 ex
494 793 658 867 contagione
691 811 769 850 ncxae
804 801 958 856 remaneret
988 811 1073 866 penes
1106 811 1167 860 nos,

238 867 386 926 “Romam
412 871 585 944 portavimus.
637 870 719 942 Quid
745 869 815 936 ultrd
845 870 903 940 tibi,
932 870 1070 936 Romane,
1100 871 1168 944 quid

236 949 255 981 ‘⁶
265 943 360 1002 foederi
363 949 449 1021 ‚quid
464 949 525 1004 Diis
539 948 647 1005 arbitris
661 948 771 1004 soederis
784 949 895 1004 dcbeol
934 947 1030 1008 Quem
1044 947 1094 1006 tibi
1107 959 1168 1005 tua·

236 1027 323 1080 “rum
339 1025 448 1096 irarum,
463 1045 544 1101 quem
565 1043 687 1082 meorum
707 1026 902 1114 suppliciorum
922 1025 1045 1101 judicem
1069 1025 1165 1092 feram,

236 1102 414 1176 “neminem,
428 1122 516 1178 neque
530 1103 670 1178 populum,
694 1123 783 1177 neque
797 1104 941 1178 privatum,
956 1104 1039 1178 fugio.
1079 1102 1167 1164 Quod

235 1260 254 1292 ‘⁴
263 1275 314 1332 ego
330 1259 364 1314 sd
380 1259 455 1316 Deos
468 1259 592 1316 vindices
604 1259 782 1317 intoleranda
793 1260 928 1333 superbiae
941 1259 1099 1334 confugiam
1111 1280 1118 1329 ;
1139 1269 1169 1317 et

235 1338 254 1369 “
262 1337 403 1408 precabor,
418 1348 449 1394 ut
462 1337 515 1392 iras
528 1355 591 1392 suas
604 1348 711 1393 vertant
724 1337 752 1392 in
773 1355 830 1407 eos,
854 1337 953 1410 quibus
966 1355 1022 1395 non
1036 1357 1093 1395 suae
1106 1338 1168 1395 red·

234 1412 326 1468 “ditae
339 1432 391 1485 res,
406 1433 461 1471 non
475 1415 572 1470 alienae
595 1415 776 1471 accumulatae
797 1415 862 1471 satis
878 1415 951 1482 sint;
983 1434 1099 1489 quorum
1118 1434 1169 1472 sc·

233 1490 355 1547 “vitiam
378 1511 433 1548 non
457 1511 529 1548 mors
555 1493 706 1561 noxiorum,
733 1511 789 1548 non
815 1492 919 1548 deditio
946 1493 1169 1554 exanimatorum

201 1571 251 1620 15“
260 1587 414 1642 corporum,
429 1589 483 1626 non
499 1570 571 1628 bona
591 1569 734 1643 sequentia
756 1570 859 1625 domini
881 1571 1050 1628 deditionem
1063 1571 1166 1628 exsuti·

232 1648 316 1702 “ent.
358 1645 464 1704 Placari
479 1658 627 1722 nequeunt,
653 1647 706 1704 nisi
721 1647 902 1710 hauriendum
916 1649 1081 1723 sanguinem
1097 1649 1166 1706 lani·

232 1725 388 1798 “undaque
404 1725 510 1781 viscera
523 1735 615 1780 nostra
627 1723 833 1798 praebuerimus.
850 1731 855 1740 ⁴
873 1724 890 1782 J
894 1737 984 1782 ustum
997 1737 1040 1785 est
1053 1726 1167 1794 bellum,

230 1805 250 1839 “
260 1802 408 1869 Samnites,
419 1804 519 1876 quibus
533 1802 740 1870 necessarium
771 1814 799 1858 et
813 1803 857 1877 pia
870 1821 955 1874 arma,
976 1804 1076 1879 quibus
1090 1804 1168 1861 nulla

231 1879 312 1936 “nisi
326 1880 354 1936 in
367 1881 449 1937 armis
462 1881 623 1969 relinquitur
634 1899 704 1955 spes
745 1880 872 1950 Proinde,
894 1901 979 1954 quum
1002 1901 1094 1940 rerum
1116 1883 1168 1939 hu·

198 1960 405 2014 ffll‘manarum
426 1959 579 2015 maximum
600 1968 769 2016 momentum
793 1959 837 2025 sit,
856 1978 940 2032 quarn
960 1959 1084 2047 propitiis
1097 1977 1167 2031 rem,

233 2038 341 2114 “quarn
356 2035 477 2092 adversis
498 2045 581 2123 agant
594 2035 664 2102 Diis,
685 2055 734 2110 pro
754 2047 829 2091 certo
850 2037 958 2106 habete,
980 2037 1070 2110 priora
1093 2035 1166 2096 bella

231 2108 391 2168 “adversus
404 2112 479 2168 Deos
493 2113 590 2188 magis,
604 2113 687 2185 qudm
701 2113 836 2184 homines
850 2114 986 2188 gessisse3
1017 2113 1079 2181 hoo,
1091 2114 1165 2189 quod

233 2189 268 2225 “'
260 2199 352 2261 instat,
363 2189 505 2250 ducibus
498 2191 564 2264 rpsis
577 2190 639 2246 Diis
652 2192 806 2265 gesturosl’

269 2345 308 2403 11.
330 2345 412 2414 Huc,
425 2365 483 2404 non
497 2346 559 2404 leta
572 2346 661 2421 magis
673 2347 756 2420 quim
769 2364 842 2417 uera,
856 2345 1028 2416 vaticinatus,
1043 2346 1168 2408 exercitu

197 2423 340 2495 &educta
364 2424 440 2482 circa
460 2424 600 2481 Caudium
621 2435 720 2490 castra,
747 2423 830 2498 qudm
856 2435 945 2498 potest
967 2424 1165 2492 occultissimd,

230 2501 319 2559 locat:
340 2501 406 2558 inde
421 2503 455 2558 ad
469 2502 615 2568 Calatiam,
631 2501 677 2558 ubi
688 2501 745 2576 jam
759 2502 888 2558 consules
907 2501 1051 2561 Romanos
1064 2513 1167 2564 castre·

229 2597 283 2654 que
296 2597 357 2636 esse
378 2580 519 2646 audiebat,
543 2580 644 2636 milites
667 2580 766 2636 decern
787 2591 925 2653 pastorum
952 2580 1046 2654 habitu
1063 2580 1164 2649 mittit;

231 2675 386 2732 pecoraque
400 2658 530 2723 diversos,
545 2658 629 2715 aliurn
642 2657 716 2726 alibi,
738 2657 811 2714 haud
831 2659 926 2732 procul
948 2658 1085 2716 Romanis
1105 2677 1166 2732 pus·

231 2753 295 2790 cere
306 2735 385 2810 jubet
397 2735 546 2808 presidiis:
575 2735 622 2792 ubi
646 2733 795 2792 inciderint
809 2735 836 2792 in
851 2737 1025 2808 praedatores,
1040 2747 1070 2792 ut
1090 2735 1166 2794 idem

198 2811 360 2876 &omnibus
371 2831 459 2868 sermo
472 2823 589 2884 constet,
604 2823 622 2848 “
631 2813 754 2887 legiones
763 2813 928 2870 Samnitium
939 2813 968 2868 in
978 2811 1163 2886 sponsasse,
1241 2883 1244 2889 s
1313 2807 1314 2814 ¹

233 2897 251 2924 ‘⁴
262 2887 410 2946 Luceriam
423 2889 856 2964 omuibuscopiiscircumsedere
869 2909 875 2944 :
890 2909 943 2946 nec
953 2890 1046 2962 procul
1055 2888 1163 2956 abesse,

232 2974 251 3003 “
262 2966 328 3041 quin
344 2966 367 3023 ιι
382 2966 522 3041 capiant.”
562 2967 626 3024 Jam
649 2967 673 3022 is
693 2967 776 3024 etiam
790 2985 880 3026 rumor
895 2966 966 3036 ante,
981 2966 1015 3022 de
1030 2965 1166 3028 industria

231 3043 366 3120 vulgatus,
381 3045 540 3102 venerated
564 3045 724 3113 Rornuncs3
758 3045 806 3100 sed
828 3045 910 3102 iidem
935 3045 1034 3103 auxdre
1052 3043 1163 3117 captivi,

230 3120 264 3191 ed
287 3121 415 3191 ιιιιιιιιιιὲ,
439 3123 511 3210 qudd
532 3141 622 3180 sermo
646 3123 715 3180 intur
741 3141 838 3180 omnes
860 3121 1038 3195 congruebat.
1079 3121 1166 3188 Huud

199 3206 289 3264 ³⁵erat
303 3167 417 3258 dubiurri
421 3199 507 3289 ³quin
522 3199 668 3257 Lucerinis
680 3219 760 3274 opem
775 3200 921 3256 Romanus
935 3199 1026 3271 ferret,
1040 3200 1120 3258 bonis
1130 3217 1173 3256 ao*

231 3275 359 3338 fidelibus
373 3277 472 3346 sociis;
504 3278 584 3334 simul
599 3297 634 3334 ne
648 3277 751 3372 Applia
772 3275 862 3332 omnis
885 3277 919 3332 ad
934 3289 1097 3350 praesentem
1110 3287 1165 3352 tet·

232 3371 321 3412 rorem
334 3354 482 3412 deficeret:
503 3375 536 3412 ea
550 3355 630 3412 modi)
633 3375 706 3429 ,qua
720 3355 800 3418 irent,
815 3355 979 3412 consultatio
993 3355 1052 3414 suit.
1092 3353 1171 3420 Dus

233 3431 268 3492 ud
282 3430 428 3490 Luceriam
443 3431 604 3489 ferebant
581 3451 648 3500 vrae3
669 3433 753 3490 altera
766 3442 863 3506 praeter
877 3451 953 3490 cram
967 3431 1066 3506 Superi
1079 3429 1171 3492 muris-

233 3517 330 3582 patens
343 3521 499 3584 apertaque,
514 3511 571 3580 sed,
585 3509 687 3583 quantd
700 3510 792 3578 tutior,
814 3509 891 3566 tautd
905 3510 961 3566 sere
974 3508 1095 3582 longior,
1125 3506 1165 3578 al·

200 3593 292 3642 utera
304 3605 352 3660 per
373 3585 509 3656 Furculas
529 3588 671 3645 Caudinas
694 3587 809 3646 brevior.
849 3589 906 3646 Sed
927 3588 966 3644 its
985 3596 1066 3653 natus
1085 3585 1164 3648 locus

233 3672 291 3722 est:
311 3664 396 3723 saltus
410 3665 464 3728 duo
477 3664 524 3722 alti
538 3667 647 3740 angusti
671 3665 815 3740 silvosique
838 3678 912 3738 sunt,
937 3662 1075 3731 montibus
1088 3663 1165 3732 circii

229 3741 373 3826 perpetuis
385 3742 455 3804 inter
466 3763 495 3802 sc
506 3743 613 3820 juncti:
631 3743 706 3820 jacet
719 3742 790 3802 iuter
803 3761 849 3800 eos
860 3745 1039 3820 salispateus,
1052 3741 1165 3814 clausus
