2638 4206
529 341 629 392 LIBER
646 343 692 394 IX«
710 349 770 391 olle.
781 355 843 391 rrrr.
1098 339 1152 401 158

227 487 326 545 Rome
346 485 428 543 etiam
447 501 498 541 sua
515 483 626 542 iusamis
641 483 738 541 clades
760 494 826 541 erat.
878 482 1014 540 Obsessos
1032 480 1153 557 primam

226 565 392 624 audieruntt
413 562 513 618 tristior
525 562 625 618 deinde
649 561 838 636 ignominiose
851 560 929 635 pacis
949 561 1046 636 magis,
1067 557 1153 634 qudm

227 642 350 718 periculi,
364 640 478 696 nuntius
491 639 550 696 fult.
589 639 635 695 Ad
649 639 750 695 famam
763 638 913 695 obsidionis
933 639 1056 695 delectus
1069 637 1153 694 habe-

227 720 251 776 ri
264 727 370 793 coeptus
383 727 459 774 erat:
480 716 608 774 dimissus
621 715 721 772 deinde
735 716 900 772 auxiliorum
914 726 1066 791 apparatus,
1081 722 1154 789 post·

193 795 487 873 ¹squumdeditinnem
506 804 566 853 'tam
589 789 660 849 suade
679 793 779 850 iactam
793 805 975 868 acceperunt:
1008 791 1155 866 extemplo-

227 893 280 948 que
294 873 354 944 sine
368 872 424 928 ullt
436 871 548 946 publici
565 871 726 928 auctoritate
749 888 914 928 consensum
921 871 957 928 'ia
977 887 1089 929 omnem
1103 868 1155 924 lor-

227 969 300 1007 mam
314 951 404 1007 luctds
423 960 472 1006 est.
514 949 653 1004 Tabernae
674 948 750 1004 circa
769 948 857 1004 forum
878 948 988 1022 clausae,
1006 946 1156 1025 justitium·

227 1047 280 1103 que
294 1029 323 1085 in
338 1028 396 1084 loro
408 1028 457 1083 sui
470 1037 566 1101 sponte
589 1035 711 1100 coeptum
724 1024 809 1099 priris,
822 1027 907 1099 quam
921 1027 1074 1084 indictum:
1107 1023 1155 1080 lati

229 1107 308 1177 clavi,
322 1105 417 1162 annuli
437 1105 512 1161 aurei
532 1103 612 1178 positi
624 1123 630 1172 3
656 1121 734 1177 paene
748 1104 870 1160 moestior
883 1105 1005 1162 exercitu
1020 1106 1078 1180 ipso
1092 1100 1156 1157 civi·

192 1194 271 1246 rotas
283 1202 363 1240 esse:
383 1201 436 1238 nec
449 1183 567 1254 ducibus
581 1180 666 1238 solim
688 1191 768 1254 atque
791 1182 948 1238 auctoribus
971 1179 1157 1258 sponsoribus·

230 1279 283 1334 que
296 1261 372 1335 pacis
384 1260 475 1330 irasci,
487 1260 535 1315 sod
549 1258 674 1315 innoxios
687 1259 770 1314 etiam
783 1259 883 1316 milites
895 1261 994 1332 odisse,
1014 1273 1042 1318 ot
1056 1273 1157 1331 negare

230 1338 305 1395 Urbe
318 1338 432 1394 tectisve
445 1337 630 1410 accipiendos.
668 1335 763 1396 Quam
777 1337 989 1395 concitationem
1004 1340 1158 1395 animorum

230 1417 312 1490 fregit
325 1417 458 1473 adventus
471 1415 614 1483 exercitiis,
628 1413 710 1470 etiam
724 1415 799 1470 iratis
812 1415 990 1473 miserabilis:
1014 1436 1068 1473 non
1083 1411 1159 1468 enim

230 1505 370 1567 tamquam
384 1494 413 1549 in
427 1493 542 1566 patriam
555 1502 723 1548 revertentes
736 1510 770 1548 ex
783 1493 921 1566 insperato
934 1494 1095 1563 incolumes,
1110 1491 1159 1549 sed

200 1593 222 1632 15
230 1581 373 1645 captorum
388 1571 483 1626 habitu
497 1570 634 1643 vultuque,
650 1569 766 1644 ingressi
780 1570 839 1628 serr]
861 1572 888 1627 in
902 1571 1014 1642 Urbem,
1036 1573 1073 1629 ita
1087 1591 1116 1628 se
1130 1571 1160 1628 in

230 1651 287 1706 suis
300 1649 413 1722 quisque
427 1648 508 1705 tectis
522 1648 694 1716 abdiderunt,
718 1656 749 1703 ut
770 1659 877 1722 postero
898 1661 977 1724 atque
992 1648 1160 1724 insequenti-

232 1727 283 1784 bus
296 1727 394 1784 diebus
408 1745 489 1783 nemo
509 1741 604 1782 eurum
618 1725 705 1782 lorum
716 1735 770 1782 aut
789 1727 930 1800 publicum
951 1729 1093 1802 adspicere
1106 1725 1160 1784 rel·
1242 1763 1245 1768 -

196 1793 199 1798 ¹
231 1805 277 1862 let.
317 1805 462 1875 Consules,
476 1805 504 1859 in
518 1803 622 1878 privato
642 1803 736 1872 abditi,
750 1804 818 1860 nihil
832 1823 880 1878 pro
893 1807 1053 1881 magistratu
1067 1823 1159 1881 agere,

231 1883 285 1939 nisi
298 1883 370 1955 quod
384 1901 542 1955 expressum
561 1882 808 1938 senatds·consulto
830 1893 881 1955 est,
902 1895 932 1940 ut
944 1885 1105 1942 dictatorem
1120 1884 1160 1940 di-

199 1981 224 2020 so
233 1971 328 2016 carent
341 1959 514 2016 comitiorum
527 1961 618 2014 causi.
657 1958 696 2019 Q.
710 1957 826 2017 Fabium
841 1961 1008 2019 Ambustum
1022 1963 1162 2034 dixerunt,

233 2049 262 2094 et
274 2037 305 2094 P.
319 2037 424 2094 AElium
438 2036 544 2093 Paetum
558 2036 718 2111 magistrum
731 2037 870 2112 equitum=
903 2041 1001 2116 quibus
1024 2039 1089 2100 villo
1103 2055 1161 2099 cre·

200 2116 295 2190 gatis,
309 2115 416 2174 suffecti
430 2113 470 2173 lt.
485 2113 615 2174 AEmilius
633 2115 723 2191 Papus
746 2117 870 2192 dictator,
894 2121 926 2180 L.
941 2122 1068 2182 Valerius
1081 2121 1163 2182 Flac·

200 2193 284 2267 {cus
303 2194 432 2268 magister
455 2193 586 2267 equitum.
625 2193 688 2250 Neo
709 2214 757 2270 per
781 2215 829 2254 eos
849 2201 960 2258 comitia
980 2203 1091 2259 habita:
1123 2213 1162 2272 et,

206 2273 219 2360 ζ
234 2272 297 2345 quia
309 2271 428 2328 tedebat
440 2271 569 2346 populum
593 2272 715 2328 omnium
729 2275 935 2348 magistratuum
950 2280 1009 2353 ejus
1029 2281 1103 2346 anni,
1117 2298 1162 2336 res

196 2367 219 2423 1,
234 2350 268 2405 ad
292 2350 478 2422 interregnum
506 2349 595 2406 rediit.
646 2348 803 2426 interreges
826 2352 865 2413 Q.
888 2355 990 2412 Fabius
1014 2356 1162 2429 Maximus,

200 2426 219 2497 ἕ
234 2426 273 2486 Μ.
287 2426 414 2484 Valerius
427 2427 541 2483 Corvus.
581 2427 610 2483 ls
623 2428 749 2484 consules
762 2431 864 2487 creavit
876 2430 922 2493 Q.
937 2432 1084 2490 Publilium
1099 2435 1163 2492 Phi·

206 2517 219 2558 a
233 2503 325 2562 lonem
338 2515 366 2561 el
380 2505 412 2560 L.
427 2505 566 2579 Papirium
577 2505 728 2562 Cursorem
740 2506 847 2578 iterum,
862 2510 934 2566 haud
949 2511 1032 2568 dubio
1045 2531 1163 2569 consen·

201 2577 265 2640 §.su
279 2581 405 2652 civitatis,
419 2581 493 2658 qudd
506 2581 576 2640 nulli
588 2583 622 2640 eia
635 2594 796 2661 tempestate
817 2587 902 2645 duces
918 2589 1047 2650 clariores
1060 2603 1162 2649 essent.

272 2741 355 2797 VlIl.
387 2740 455 2800 Quo
477 2743 562 2798 creati
576 2753 640 2803 sunt
652 2743 707 2815 die,
721 2761 754 2801 eo
769 2743 822 2819 (sic
835 2747 910 2802 enim
923 2748 1064 2822 placuerat
1078 2747 1163 2804 Patri-

203 2817 300 2893 cobus)
316 2818 503 2892 magistratum
517 2819 647 2886 inierunt,
666 2823 877 2897 solennibusque
901 2824 1164 2880 senatils·consultis

235 2895 373 2969 perfectis,
387 2895 422 2951 de
435 2915 503 2971 pace
517 2896 645 2955 Caudini
665 2899 833 2956 retulerunt:
866 2911 893 2957 et
914 2901 1056 2968 Publilius,
1078 2919 1163 2976 penes

234 2992 315 3046 quem
337 2974 425 3030 fasces
445 2984 532 3039 erant,
555 2985 572 3011 ‘⁶
583 2975 647 3041 Dic,
662 2977 709 3050 Sp.
724 2973 874 3049 Postumi,''
889 2978 986 3052 inquit.
1037 2979 1098 3038 Qui
1115 2979 1163 3036 ubi

235 3052 360 3122 surrexit,
386 3052 483 3108 eodem
509 3052 555 3109 illo
582 3054 666 3120 vultu,
692 3071 745 3128 quo
771 3057 821 3112 sub
848 3057 945 3131 jugum
974 3057 1073 3112 missus
1095 3068 1163 3129 erat,
1232 3105 1243 3122 ,

236 3129 348 3186 “Haud
368 3148 428 3186 sum
449 3129 589 3204 ignarus‚''
604 3131 701 3205 iuquit,
723 3134 889 3204 “consules,
914 3133 1080 3207 ignominie,
1107 3153 1164 3192 noa

203 3226 228 3265 aa
237 3215 256 3242 ‘⁶
264 3207 375 3264 honoris
384 3209 470 3264 causat
482 3225 526 3264 me
536 3209 653 3282 primum
662 3210 819 3278 excitatum,
825 3210 986 3285 jussumque
994 3212 1095 3282 dicere,
1107 3231 1164 3269 non
1254 3252 1257 3264 .

177 3305 180 3314 ’
238 3293 400 3358 “tamquam
415 3297 579 3358 senatorem,
592 3288 640 3342 sed
649 3297 786 3361 tamquam
797 3305 874 3344 reum
890 3291 943 3362 qua
958 3290 1077 3348 infelicis
1089 3289 1163 3358 belli,

238 3363 319 3435 “qud
332 3363 520 3436 ignominiose
532 3365 617 3437 pacis.
648 3365 709 3440 Ego
719 3376 821 3431 tamen,
832 3366 941 3439 quando
951 3385 1040 3442 neque
1048 3369 1084 3422 de
1091 3367 1165 3422 noxa

239 3447 258 3474 “
265 3441 357 3496 nostra
367 3459 459 3514 neque
466 3441 501 3496 de
511 3441 593 3514 poeni
601 3443 740 3514 retulistis,
750 3443 850 3500 omissi
859 3443 1028 3515 defensione,
1039 3461 1099 3518 qua
1108 3461 1164 3501 uon

178 3581 181 3590 .
240 3501 429 3576 “difficillima
436 3528 509 3574 esset
518 3520 590 3592 apud
601 3519 674 3576 haud
686 3521 795 3596 ignaros
804 3520 972 3578 fortunarum
982 3524 1165 3579 humanarum

204 3612 231 3652 so
240 3595 523 3670 “necessitatumque,
535 3597 700 3654 sententiam
714 3599 749 3654 de
766 3617 811 3670 eo,
832 3599 867 3654 de
880 3617 934 3672 quo
946 3599 1084 3670 retulistis,
1098 3619 1166 3675 pau·

240 3671 308 3727 “ois
319 3690 446 3748 peragam
459 3693 465 3730 :
485 3692 546 3748 que
559 3676 696 3732 sententia
709 3677 786 3733 testis
799 3677 860 3749 erit,
874 3677 987 3749 mihine,
1001 3693 1036 3733 au
1050 3677 1166 3754 legioni-

238 3749 317 3808 “bus
331 3751 616 3828 vacuis-pepercerim,
637 3770 720 3828 quum
734 3773 779 3811 me
792 3773 841 3812 seu
861 3755 933 3833 turpi
946 3772 996 3814 seu
1008 3753 1167 3830 necessarii
1204 3828 1206 3832 Ι
