2620 4200
176 349 237 424 qm
499 384 501 391 Α
571 345 643 420 ΙΤιτι
657 343 740 404 ruvn

181 499 301 560 ‘tusum
321 488 413 564 placet
431 501 528 556 ctum,
552 503 608 549 nou
626 489 673 548 alii
693 507 815 568 unquam
834 487 926 556 miods
940 485 1106 570 negligendi

181 569 293 638 t‘robis,
306 565 390 642 quarn
403 585 462 638 nos,
485 565 514 624 in
538 567 657 629 hostium
679 579 842 644 potestatem
861 579 1014 629 venerunt:
1048 587 1106 628 nou

180 647 281 708 t‘onirn
296 646 324 706 in
338 645 398 708 scie
411 663 459 720 per
482 644 607 705 timorem
629 665 706 707 arms
727 646 906 706 tradidimus:
939 645 998 714 sed,
1019 665 1106 720 quum

113 790 115 795 ,
180 724 289 800 *tpropd
303 724 339 785 sd
352 734 462 782 noctem
476 734 661 797 superstantes
674 725 792 785 cumulis
814 743 946 782 cesorum
960 743 1106 799 corporum

179 803 333 878 ‘tprrslium
358 800 579 874 extraxisscmus,
599 802 628 860 in
654 813 744 863 castra
763 802 918 936 recepimus
941 821 1000 860 nos.
1040 801 1105 864 Diei
1126 817 1143 864 ὅ

179 881 340 955 “reliquum
354 899 387 938 ec
401 889 511 938 noctem
525 880 725 956 insequentem,
748 880 813 938 fessi
846 881 928 937 abore
941 899 974 941 ac
988 879 1107 938 vulneri·

180 969 198 999 “
207 960 268 1026 bns,
282 959 383 1016 vallum
396 976 492 1017 sumus
504 958 593 1016 tutati.
634 959 746 1018 Postero
759 959 814 1028 die,
828 977 913 1034 quum
930 959 1107 1024 circumsessi

180 1038 242 1094 “ab
254 1037 377 1100 exercitu
391 1035 493 1094 victore
507 1035 578 1110 equi
591 1055 757 1104 arceremur¹
778 1055 832 1097 nec
845 1037 901 1097 ulla
911 1037 968 1112 jam
981 1056 1028 1111 per
1042 1055 1110 1094 con-r

180 1125 198 1162 t‘
207 1116 290 1176 fertos
303 1116 395 1174 hostes
407 1114 569 1190 erumpendi
582 1134 645 1190 spes
662 1125 744 1181 esset,
762 1133 816 1172 nec
829 1134 890 1172 esse
903 1115 981 1177 nesus
993 1115 1108 1174 ducere·

180 1203 277 1264 “mus,
291 1192 490 1268 qninquaginta
503 1192 624 1252 millibus
639 1192 782 1252 hominum
802 1212 838 1250 ex
857 1193 917 1252 acie
937 1191 1031 1256 uostrd
1053 1203 1143 1250 tro-ro

179 1281 199 1332 .“
208 1271 317 1338 cidaris,
333 1271 452 1346 aliquem
465 1289 500 1332 err
513 1271 657 1328 Cannensi
667 1271 931 1347 pugndRomuuum
941 1271 1057 1329 militem
1067 1289 1108 1326 re·

179 1358 294 1419 “stare;
328 1360 387 1408 tum
409 1349 521 1405 demum
542 1349 615 1424 pacti
637 1368 732 1408 snmus
755 1349 881 1423 pretium,
900 1368 954 1426 quo
973 1347 1111 1424 redempti

178 1437 198 1464 “
208 1428 426 1485 dimitteremur:
447 1446 531 1496 arma,
545 1428 574 1483 in
588 1427 687 1502 quibus
707 1427 776 1484 nihil
787 1427 845 1502 jam
856 1425 952 1484 auxilii
965 1437 1033 1491 erat,
1047 1427 1109 1482 hos·

179 1507 228 1564 “ti
242 1505 413 1570 tradidimus.
453 1503 695 1582 Majoresquoque
717 1523 914 1580 acceperamus
932 1523 962 1562 se
984 1523 1003 1562 a
1022 1503 1108 1564 Gallis
1130 1559 1132 1563 .

180 1594 198 1621 “
207 1604 274 1646 auro
288 1583 455 1642 redemisse:
475 1593 504 1639 et
516 1594 607 1659 patres
620 1595 732 1650 vestros,
746 1583 910 1658 asperrimos
924 1583 983 1640 illos
997 1582 1030 1642 ad
1045 1600 1109 1640 con·
1119 1597 1144 1638 rs

179 1663 341 1721 “ditionem
355 1662 440 1736 pacis,
460 1661 564 1736 legatos
584 1672 677 1720 tamen
697 1661 866 1736 captivorum
887 1659 1111 1726 redimendorum

179 1747 198 1776 “
208 1739 297 1814 gratiis
311 1739 467 1799 Tarentum
481 1739 604 1796 misisse„
638 1739 731 1814 Atqui,
745 1739 821 1798 etad
837 1739 939 1802 Alliam
962 1758 1027 1799 cum
1047 1737 1111 1796 Gal·

179 1823 198 1850 ‘⁶
207 1815 250 1880 lis,
264 1816 341 1873 etad
355 1815 521 1872 Heracleam
535 1835 600 1872 curn
613 1815 728 1889 Pyrrho,
751 1826 865 1891 unaque
886 1835 942 1878 nou
962 1831 1019 1880 tam
1032 1815 1112 1874 clade

179 1890 328 1962 “infamis,
352 1889 435 1966 qndm
461 1910 561 1964 pavore
583 1911 616 1949 ac
637 1893 711 1968 ingl,
729 1913 824 1972 pugna
838 1894 897 1952 suit
947 1895 1111 1956 Cannenses

179 1977 199 2005 “
209 1987 321 2044 campos
341 1968 433 2026 acervi
446 1969 638 2031 Romanorum
651 1990 796 2046 corporum
810 1983 926 2048 tegunt:
953 1992 1007 2042 nec
1021 1988 1143 2048 super-m

180 2055 303 2104 ‘tsumus
316 2064 426 2122 pugne,
440 2046 494 2104 nisi
514 2048 543 2104 in
562 2048 661 2122 quibus
674 2050 847 2107 trucidandis
867 2061 895 2107 et
918 2049 1020 2108 ferrum
1034 2061 1061 2106 et
1074 2049 1113 2106 vi·

179 2133 252 2184 “res
271 2125 377 2182 hostem
400 2125 570 2184 defecerunt
618 2127 691 2182 Sunt
710 2127 794 2186 etism
813 2127 848 2184 de
868 2129 969 2190 nostris
991 2128 1112 2202 quidam,

179 2201 254 2278 ‚liqui
268 2222 304 2260 ne
318 2201 347 2260 in
368 2201 428 2266 acie
448 2202 560 2278 quidem
579 2203 757 2280 refugerunt:
785 2205 845 2278 sed,
868 2205 995 2280 praesidio
1016 2205 1113 2264 castris

182 2291 200 2322 ‘⁴
211 2281 309 2356 relicti,
331 2301 421 2359 ¹quum
447 2293 537 2350 castra
557 2283 739 2350 traderentur,
760 2282 790 2345 iu
809 2294 972 2358 potestatem
992 2283 1113 2342 hostium

180 2367 352 2422 “venerunt
405 2361 490 2426 Haud
504 2361 644 2436 'equidem
670 2361 753 2418 ullius
783 2360 851 2420 civis
870 2371 898 2421 et
917 2361 1147 2422 commilitonisss

109 2473 126 2520 Ι·
181 2444 324 2513 f‘fortunae
337 2449 385 2500 aut
404 2439 556 2497 conditioni
569 2439 695 2510 iuvideo;
725 2457 779 2500 nec
799 2439 950 2516 premendo
971 2439 1054 2502 aliurn
1068 2458 1114 2496 me

181 2519 339 2576 “extulisse
359 2517 459 2576 velim:
489 2535 524 2575 ne
538 2518 576 2576 illi
590 2517 701 2592 quidem
726 2515 793 2592 (nisi
817 2517 988 2591 pernicitatis
1010 2517 1114 2595 pedum

182 2602 201 2633 “
211 2607 239 2653 et
252 2598 347 2654 cureris
367 2595 477 2669 aliquod
490 2595 633 2670 premium
646 2594 712 2674 est),
732 2595 778 2668 qui
802 2594 924 2669 plerique
945 2596 1065 2656 inermos
1078 2613 1114 2654 ex

183 2674 272 2732 “acie
286 2672 432 2748 fugientes,
446 2691 503 2729 non
513 2673 598 2747 priris,
611 2671 694 2746 qudrn
709 2671 840 2730 Venusia
852 2685 899 2730 aut
908 2673 1034 2744 Canusii,
1048 2690 1114 2738 con·

183 2753 348 2818 “stiterunt
362 2770 391 2811 se
405 2749 483 2806 nobis
497 2749 594 2806 merito
617 2749 795 2825 pretulerint‚
818 2750 980 2826 gloriatique
1001 2750 1148 2820 sintinao

183 2835 241 2889 “se
262 2830 331 2906 plus,
351 2829 434 2905 quim
448 2828 483 2885 in
503 2828 593 2900 nobis,
613 2828 733 2903 praesidii
757 2827 915 2904 reipublicae
933 2849 1003 2888 esse.
1057 2829 1114 2886 Sed

184 2913 203 2946 “
213 2910 265 2968 illis
277 2919 307 2966 et
320 2907 399 2968 bonis
413 2926 446 2964 se
459 2906 573 2966 fortibus
587 2906 718 2964 militibus
731 2905 847 2964 utemini
859 2925 866 2978 ς
896 2917 924 2964 et
937 2907 1115 2972 nobisetiam

156 3037 158 3040 .
184 2987 421 3062 “promptioribus
434 3004 483 3061 pro
504 2984 602 3059 patriai,
625 2983 697 3057 qudd
720 2983 857 3045 beneficio
876 2994 965 3044 vestro
978 2983 1114 3058 redempti

184 3068 293 3138 “etque
312 3064 342 3122 in
361 3063 477 3139 patriam
495 3062 611 3120 restituti
632 3062 773 3123 fuerimus.
813 3061 959 3122 Delectum
981 3078 1016 3124 err
1036 3060 1113 3121 omni

186 3145 292 3201 “aetate
305 3152 333 3198 et
346 3141 455 3199 fortuni
468 3140 592 3200 hebetis:
625 3150 688 3198 octo
710 3139 797 3198 millia
816 3157 954 3199 servorum
977 3137 1059 3197 audio
1073 3153 1149 3196 ar-ss

157 3223 163 3232 '
185 3209 301 3276 “marii
319 3213 375 3276 non
388 3219 476 3278 minor
489 3237 620 3277 numerus
643 3228 735 3276 noster
758 3229 810 3284 est,
831 3235 883 3272 nec
907 3215 1008 3291 majore
1026 3215 1114 3292 pretio

186 3296 311 3356 “redimi
324 3315 478 3370 possumus,
491 3295 571 3371 quim
583 3297 611 3356 hi
624 3310 769 3356 emuntur:
796 3314 859 3363 nam
873 3293 896 3353 si
910 3293 1050 3354 conferam
1064 3313 1115 3356 nos

187 3379 206 3414 “
217 3393 281 3432 curn
296 3373 358 3441 illis,
372 3371 498 3448 injuriam
513 3373 616 3431 nomini
640 3373 769 3432 Romano
789 3372 897 3432 luciam.
937 3369 1010 3436 Illud
1031 3372 1114 3436 etiam

186 3458 206 3492 “
215 3454 244 3511 in
264 3452 311 3509 tali
331 3452 446 3509 consilio
465 3452 738 3508 animadvertendum
758 3451 835 3509 vobis
857 3469 997 3517 censeam,
1018 3449 1114 3507 Patres

187 3528 374 3604 “conscripti,
390 3528 425 3605 (si
439 3541 531 3588 tameo
545 3530 666 3590 duriores
676 3549 736 3590 esse
747 3530 844 3596 velitis,
853 3529 925 3607 quod
936 3529 1013 3590 nullo
1022 3538 1148 3588 nostroro

188 3609 312 3668 “merito
326 3605 444 3682 fecistis)
459 3607 505 3670 cui
519 3607 649 3672 noshosti
670 3606 792 3668 relicturi
806 3605 872 3663 sitis.
913 3606 1018 3682 Pyrrho
1040 3607 1115 3667 vida

188 3685 290 3758 “licet,
302 3685 349 3762 qui
364 3683 440 3767 [nos]
455 3685 592 3760 hospitum
607 3703 721 3750 numero
735 3685 831 3746 habuit
848 3685 981 3758 captivos,
1006 3705 1040 3742 an
1055 3685 1115 3742 bor·

140 3773 141 3781 ’
185 3768 208 3850 .“
217 3763 282 3823 bero
295 3782 328 3824 ac
343 3761 437 3830 Prono,
451 3763 498 3838 qui
512 3762 602 3824 utrum
616 3762 720 3822 avarior
742 3783 779 3828 sn
797 3763 933 3826 crudelior
946 3764 990 3834 sit,
1011 3763 1056 3832 vis
1068 3779 1114 3826 er·
1173 3800 1178 3812 ·
