2622 4194
528 343 631 398 araas
646 345 693 396 nr.
725 355 855 432 erana.
1004 313 1008 330 ¹
1120 343 1158 404 οι

220 477 311 540 ,biduo
324 483 481 554 affuturum,
496 487 520 544 si
533 488 689 548 nuntiatum
711 488 737 546 ai
751 488 801 558 sit3
829 487 954 562 inirpuum
974 497 1046 554 esse,
1060 484 1159 559 absen-

218 567 282 647 tem
295 561 330 618 de
343 563 436 622 liberis
448 566 599 636 dimicare3
628 567 775 642 postulant,
799 576 828 624 ut
841 581 899 623 rem
918 564 1054 640 integram
1068 565 1096 622 in
1111 575 1158 639 paf-
1176 633 1180 642 ¹

224 645 272 694 tris
286 639 433 700 adventurn
448 644 575 713 differam
607 645 669 720 lege
693 645 800 720 abipso
820 645 876 701 latai
899 643 1034 700 vindicias
1055 643 1102 700 det
1115 661 1157 700 sc·

223 715 346 806 cundum
366 720 540 790 libertatem
568 741 624 780 nau
637 718 764 798 patiatur,
786 723 920 798 virginem
933 721 1055 779 adultam
1075 720 1156 778 samaa

182 841 183 846 ,
199 822 215 862 5
222 809 305 866 pnes,
319 797 401 871 quim
413 799 558 874 libertatis,
569 801 724 876 periculum
737 801 822 858 adire.
1141 823 1144 836 ¹

216 1003 218 1010 ,
236 971 237 974 ’
257 945 350 1013 XLV.
377 957 494 1034 Appius,
513 959 626 1016 decreto
639 957 775 1033 praelatus,
789 960 808 994 “
819 955 902 1032 quiam
915 956 1038 1024 libertati
1048 955 1153 1024 laverit,

218 1025 311 1088 “eam
324 1033 411 1108 ipsam
424 1037 515 1112 legem
528 1037 679 1103 declarare,
694 1055 777 1110 quarn
800 1035 920 1111 Virginii
941 1034 1024 1092 amici
1037 1034 1156 1110 pustula·

219 1105 238 1138 “
250 1109 318 1168 tioni
332 1132 389 1172 suae
409 1115 589 1189 praetendant.
629 1112 766 1172 Caetenim
780 1114 819 1172 ita
838 1114 866 1170 in
887 1116 920 1170 ei
941 1113 1050 1170 firmum
1072 1112 1154 1171 liber-

184 1241 185 1244 ,
220 1183 238 1216 “
249 1189 298 1245 tati
312 1189 368 1247 lore
382 1194 549 1266 praesidium,
563 1193 586 1249 si
599 1213 653 1250 neo
676 1193 768 1250 causis
780 1211 834 1250 nec
847 1191 972 1266 personis
985 1191 1079 1248 variet.
1118 1191 1154 1248 In

189 1277 212 1318 1⁰
221 1262 239 1295 “
250 1265 295 1322 bis
305 1269 389 1337 enirn,
409 1291 470 1344 quae
490 1284 647 1328 asserantur
667 1271 695 1330 in
716 1271 880 1337 libertatem,
899 1270 964 1344 quia
983 1268 1071 1343 quivis
1091 1269 1155 1344 lege

220 1341 239 1374 “
251 1362 333 1419 agere
352 1349 446 1422 possit,
467 1349 495 1406 id
512 1349 584 1424 juris
597 1367 676 1406 esse:
697 1349 726 1406 in
740 1349 783 1416 ea,
797 1368 858 1423 quaa
872 1348 900 1406 in
914 1347 1000 1422 patris
1012 1365 1096 1404 manu
1109 1347 1152 1418 sit,

219 1421 391 1498 “neminem
416 1445 478 1484 esse
504 1427 610 1495 alium„
628 1427 674 1484 cui
703 1427 831 1484 dominus
860 1426 1032 1502 possessione
1062 1425 1152 1482 cedat

218 1498 363 1560 “Placere
377 1503 471 1579 itaque*
481 1515 587 1580 patrem
601 1505 721 1562 arcessi:
754 1505 860 1562 interea
874 1505 944 1580 juris
956 1503 1000 1560 sui
1015 1503 1152 1578 jacturam

182 1627 186 1636 ,
218 1577 411 1638 “assertorem
425 1602 481 1640 nun
495 1583 597 1655 facere,
617 1583 686 1658 quin
698 1584 782 1641 ducat
801 1583 929 1658 puellam,
943 1582 1152 1655 sistendamque

190 1669 209 1710 25
218 1656 236 1690 “
248 1655 276 1714 in
290 1658 438 1718 adventum
452 1662 521 1737 ejus,
545 1662 591 1736 qui
614 1672 691 1736 pater
705 1661 821 1730 dicatur,
836 1660 1005 1735 promittat.”
1046 1659 1153 1716 Adve'r·

217 1752 265 1790 sus
277 1735 406 1812 injuriam
419 1739 523 1797 decreti
537 1758 622 1814 quum
636 1739 714 1796 multi
723 1739 812 1814 magis
820 1739 978 1810 fremerent,
985 1735 1153 1813 quinquis·

215 1830 298 1886 quam
313 1834 384 1874 unus
394 1836 523 1876 recusare
537 1818 670 1886 auderet,
704 1817 735 1874 P.
750 1817 936 1889 Numitorius,
953 1816 1052 1892 puellae
1065 1833 1152 1874 avun-

217 1889 305 1963 culus,
319 1904 347 1950 et
359 1914 476 1970 sponsus
496 1895 602 1963 Icilius,
625 1895 827 1953 interveniunt:
861 1895 979 1969 datique
1000 1895 1072 1952 inter
1094 1899 1151 1952 tur*-
1228 1924 1230 1933 =

216 1966 279 2024 barn
295 1970 351 2043 vid,
361 1991 447 2046 quoru
460 1973 606 2032 multitudo
615 1973 689 2032 Icilii
698 1972 817 2037 maxime
826 1974 983 2030 interventu
993 1971 1151 2046 resistipos-

182 2057 248 2124 etse
262 2048 354 2122 Appio
367 2053 501 2119 crederet,
514 2052 594 2110 lictor
613 2052 797 2110 “demisse’'
811 2052 865 2109 ait:
898 2050 1150 2124 vociferantemque
1205 2075 1208 2083 ·

218 2120 329 2212 Icilium
342 2128 493 2186 submovet
533 2128 678 2186 Placidum
700 2149 808 2204 quoque
832 2128 975 2205 ingenium
996 2139 1053 2186 mm
1072 2137 1150 2186 atrox

215 2204 319 2277 injuria
331 2207 513 2264 accendisset
554 2207 670 2264 “Ferro
692 2209 759 2264 hinc
780 2208 830 2265 tibi
850 2207 1054 2264 submovendus
1077 2225 1147 2276 sum,

215 2282 234 2316 “
245 2281 349 2358 Appi,'’
364 2285 462 2360 inquit,
476 2288 494 2320 “
506 2285 662 2342 uttauitum
672 2285 925 2358 seras,quodcelari
935 2285 982 2340 vis.
1003 2283 1149 2358 Virginem

214 2359 296 2437 “ego
315 2364 390 2422 hanc
408 2383 470 2420 suro
490 2364 634 2430 ducturus,
655 2373 768 2438 nuptam
793 2361 977 2437 pudicamque
996 2361 1149 2418 habiturus.
1179 2401 1182 2408 ·

181 2437 232 2486 ⁷²⁵“
244 2440 362 2500 Proinde
375 2460 473 2500 ornnes
492 2442 661 2516 collegarum
674 2459 782 2516 quoque
801 2441 913 2498 lictores
932 2457 1073 2508 consocer
1099 2457 1149 2498 cx·

214 2516 232 2550 “
243 2520 330 2593 pcdiri
344 2520 434 2595 virgas
446 2531 474 2578 et
487 2538 599 2578 secures
609 2518 677 2594 jube
690 2539 696 2575 :
728 2532 785 2576 nun
808 2517 931 2576 manebit
943 2530 1021 2575 extra
1033 2518 1148 2578 domum

213 2594 232 2630 ‘⁴
243 2597 327 2672 patris
341 2595 536 2673 sponsa'Icilii.
576 2597 651 2668 Non,
665 2597 688 2654 si
702 2597 881 2656 tribunicium
901 2596 1033 2654 auxilium
1046 2606 1076 2655 et
1087 2615 1148 2672 pru·

213 2673 231 2708 ‘⁴
243 2676 422 2746 vocationem,
436 2677 511 2752 plebi
531 2677 668 2734 Romanae
691 2676 763 2734 duas
780 2695 858 2734 arces
878 2675 1012 2734 libertatis
1025 2675 1145 2746 tuendae,

179 2791 182 2798 ,
212 2753 232 2789 “
243 2753 394 2820 ademistis,
408 2754 471 2812 ideo
484 2755 513 2811 in
526 2755 627 2813 liberos
643 2773 751 2828 quoque
765 2765 871 2812 nostros
884 2753 1072 2829 coniugesque
1084 2770 1147 2826 rege

175 2831 232 2882 Μ
243 2849 309 2888 num
330 2844 426 2888 vestrae
445 2832 553 2889 libidini
572 2834 667 2890 datum
680 2842 731 2893 ert.
771 2833 871 2890 Saevite
891 2831 920 2888 in
940 2843 1049 2904 tergum
1068 2839 1097 2886 et
1116 2829 1146 2886 iu

213 2911 232 2944 “
243 2909 366 2967 cervices
378 2919 501 2966 nostras:
523 2910 658 2985 pudicitia
670 2910 767 2966 saltem
781 2910 810 2968 in
823 2920 882 2968 tuto
894 2910 937 2965 sit.
978 2907 1055 2964 Huic
1068 2906 1091 2963 si
1105 2906 1145 2964 vis

212 2988 232 3024 “
241 2988 379 3060 afferetur,
393 3005 446 3063 ego
458 2989 633 3062 praesentium
646 2986 801 3048 Quiritium
814 3007 863 3064 pro
879 2986 987 3061 sponsi,
1001 2983 1145 3060 Virginius

211 3067 231 3106 ‘⁶
240 3066 358 3124 militurn
372 3085 421 3140 pro
434 3065 519 3124 aniel
532 3066 598 3138 filit,
620 3085 718 3123 omnes
737 3065 860 3124 Deorum
875 3063 1080 3138 hominumque,
1095 3063 1145 3123 im·
1183 3079 1184 3082 ’

210 3144 408 3220 “plorabimus
431 3145 531 3202 iidem:
561 3163 651 3218 neque
666 3155 697 3202 tu
710 3144 783 3205 istud
797 3161 917 3218 unquam
926 3142 1071 3200 decretum
1082 3142 1143 3200 sina

177 3223 431 3282 ³⁵“caedenostrri
451 3223 562 3280 reseres.
600 3222 723 3290 Postulo,
743 3223 827 3298 Appi,
848 3220 931 3278 etiarn
957 3230 1038 3296 atque
1059 3220 1143 3278 etiarn

210 3301 408 3368 “consideres,
430 3305 485 3376 quo
505 3300 689 3378 progrediere.
729 3299 874 3375 Virginius
895 3299 1001 3366 viderit,
1020 3298 1055 3355 de
1076 3297 1141 3367 filia,

209 3382 229 3416 “
239 3380 286 3438 ubi
299 3379 415 3445 venerit,
428 3380 494 3453 quid
508 3390 580 3454 agat.
621 3377 685 3436 Hoc
695 3379 817 3436 tantum
837 3378 916 3444 sciat,
938 3377 1000 3446 sibi,
1022 3376 1046 3432 si
1058 3374 1143 3448 hujus

210 3460 228 3494 “
238 3456 365 3516 vindiciis
377 3457 503 3532 cesserit,
515 3457 704 3516 conditionem
718 3455 780 3512 filie
793 3455 972 3530 querendam
981 3471 1062 3512 aare:
1085 3467 1142 3523 mc,

209 3535 427 3594 “vindicantem
452 3553 580 3612 sponsam
606 3534 636 3594 in
660 3533 824 3603 libertatern,
845 3534 901 3592 rita
919 3532 1004 3593 citiria·
1021 3531 1140 3602 deserat,

172 3611 201 3662 '⁴⁰
209 3617 228 3654 “
237 3611 319 3690 qodrn
333 3611 428 3673 fides.”
