2622 4194
526 335 627 395 LIBER
642 335 662 386 1.
693 347 754 388 car.
765 350 847 386 mn.
1114 339 1150 406 31
1168 338 1176 354 ‘

222 477 348 559 pediturn
360 475 470 552 quidem
485 477 591 546 robore,
605 478 741 540 aeternna
753 478 874 554 ctoritate
888 487 969 539 aucto
982 496 1079 556 nuper,
1092 478 1155 558 pla·

223 557 328 616 rimhm
341 555 470 614 Romana
483 557 557 616 acies
570 556 663 613 valuit.
704 555 749 614 ab
760 555 896 630 equitibus
910 557 1021 632 repente
1036 557 1155 618 invectis

223 633 324 692 turbati
344 634 456 692 ordines
477 644 541 698 sunt
567 634 752 692 Sabinorum:
784 653 837 692 uec
862 653 955 710 pugna
976 635 1078 692 deinde
1099 635 1155 698 illis

224 724 358 784 constare,
372 731 426 771 neo
440 704 506 788 fhga
519 712 660 788 explicari,
674 711 734 769 sine
747 713 848 788 magna
862 713 938 791 caede
951 713 1046 790 potuit.

202 883 215 922 a
259 867 380 935 xxxl,
395 868 520 926 Devictis
535 869 656 938 Sabinis,
670 888 754 944 quum
769 869 797 926 in
811 869 911 946 magna
926 869 1014 945 glorie
1034 871 1154 948 magnis-
1233 867 1236 882 '

221 965 274 1022 que
288 947 387 1022 opibus
400 966 517 1022 regnum
531 947 608 1020 Tulli
622 965 656 1004 ac
670 957 725 1004 tota
744 966 791 1004 res
809 947 938 1006 Romana
950 958 1032 1019 esset,
1044 950 1155 1012 nuntio·

221 1035 281 1082 tum
295 1026 354 1100 regi
368 1025 551 1100 Patribusque
565 1036 615 1092 est,
631 1025 659 1082 iu
673 1036 766 1082 monte
776 1025 886 1084 Albano
898 1025 1035 1099 lapidibus
1043 1026 1153 1102 pluisse.

172 1133 175 1143 ·
221 1101 309 1164 Quod
323 1122 407 1178 quum
421 1104 497 1160 credi
512 1103 557 1160 vix
569 1114 670 1178 posset,
692 1103 783 1160 missis
797 1103 832 1160 ad
853 1103 882 1159 id
902 1104 1045 1164 visendum
1066 1103 1157 1179 prodi·

155 1172 158 1188 ’
223 1181 311 1256 glum,
326 1181 354 1238 in
368 1193 529 1258 conspectu,
544 1181 619 1238 haud
633 1181 711 1236 aliter
725 1181 806 1254 quam
820 1200 904 1256 quum
918 1181 1082 1257 grandinem
1090 1201 1157 1242 reni·

193 1276 216 1314 ro
226 1258 246 1314 ti
260 1259 437 1334 glomeratam
452 1260 581 1316 interrae
595 1269 691 1332 agunt,
704 1258 794 1314 crebri
815 1259 945 1317 cecidere
958 1259 1029 1316 coelo
1041 1259 1157 1334 lapides,

226 1333 288 1392 visi
302 1337 384 1393 etiam
399 1337 494 1393 audire
508 1355 604 1392 vocem
618 1337 760 1412 ingentem
769 1355 804 1394 ex
812 1337 912 1394 summi
922 1336 1075 1394 cacuminis
1082 1337 1158 1408 luce,

225 1425 257 1471 ut
270 1415 357 1490 patrio
370 1414 424 1471 ritu
439 1432 517 1470 sacra
530 1414 633 1470 Albani
647 1414 780 1486 facerent,
794 1434 854 1489 quae
874 1413 962 1491 (velut
974 1413 1036 1472 Diis
1049 1434 1157 1490 quoque

225 1492 307 1548 simul
328 1511 393 1548 cum
414 1491 503 1568 patria
523 1491 639 1570 relictis)
661 1491 791 1549 obliuioni
813 1493 963 1561 dederant3
991 1503 1020 1551 et
1040 1508 1087 1550 aut
1100 1493 1159 1550 Ro·

225 1588 308 1626 mana
321 1589 400 1627 sacra
412 1579 602 1644 susceperant,
617 1581 673 1642 aut,
687 1569 812 1640 fortunae,
835 1581 864 1626 ut
877 1570 915 1639 fit,
930 1570 1037 1638 obirati,
1052 1570 1157 1628 cultum

194 1665 217 1704 15
226 1648 392 1722 reliquerant
412 1645 516 1706 Dedm.
569 1645 707 1704 Romanis
727 1666 834 1722 quoque
855 1647 890 1704 ab
916 1649 1013 1706 eodem
1033 1647 1161 1724 prodigio

226 1726 397 1783 novemdiale
410 1745 519 1782 sacrum
534 1723 647 1800 publice
663 1737 821 1800 susceptum
835 1736 877 1784 est
885 1745 892 1795 ;
913 1745 963 1784 seu
977 1745 1043 1784 voce
1052 1726 1158 1786 coelesti

224 1818 260 1861 ex
274 1804 384 1861 Albano
398 1815 490 1861 monte
505 1804 589 1860 misssi
603 1801 683 1879 (narn
696 1803 724 1860 id
738 1822 845 1878 quoque
858 1803 998 1884 traditur),
1020 1823 1069 1862 seu
1083 1823 1159 1864 arus*

224 1882 318 1958 picum
331 1882 446 1939 monitu.
486 1881 593 1939 Mansit
606 1881 681 1938 eene
702 1881 825 1949 solenne,
847 1891 887 1949 ut,
908 1883 1070 1957 quandoque
1085 1882 1161 1942 idem

244 1961 380 2036 rodigiurn
401 1960 583 2030 nuntiaretur,
613 1957 688 2015 seria
715 1977 765 2034 per
790 1977 890 2016 novem
916 1960 976 2016 dies
1002 1969 1162 2034 agerentur.

193 1979 311 2094 bolland
326 2038 364 2094 ita
376 2037 461 2094 multo
475 2037 535 2111 prist
547 2035 704 2114 pestilentia
724 2036 877 2094 laboratum
900 2047 959 2094 est:
987 2037 1061 2096 unde
1075 2056 1162 2112 quum

228 2113 338 2248 &agritia
351 2114 487 2170 militandi
507 2115 632 2184 oriretur,
653 2113 730 2170 nulla
750 2123 843 2171 temen
864 2115 899 2172 ab
920 2114 1003 2172 armis
1022 2114 1101 2190 quies
1113 2115 1164 2176 da·

260 2197 308 2248 'tur
322 2191 357 2247 ab
371 2191 503 2248 bellicoso
520 2209 596 2264 rege,
618 2191 769 2247 salubriora
788 2192 872 2248 etiarn
893 2193 1024 2251 credente
1045 2193 1160 2260 militie,

229 2269 310 2344 quim
324 2268 408 2334 dorni,
420 2267 554 2344 juvenum
568 2285 683 2342 corpora
695 2285 773 2336 esse;
801 2268 891 2325 donec
911 2270 972 2343 ipse·
983 2288 1090 2344 quoque
1103 2269 1162 2328 lon-

229 2347 331 2424 ginquo
345 2345 441 2403 morbo
454 2355 496 2402 est
511 2345 669 2420 implicitus.
709 2343 795 2401 Tunc
809 2343 879 2401 aded
901 2345 982 2406 fracti
1001 2346 1082 2402 simul
1097 2364 1161 2406 cum

194 2441 220 2480 as
230 2444 342 2500 corpore
356 2435 420 2481 suut
434 2423 545 2498 spiritus
559 2422 598 2479 illi
612 2422 728 2492 feroces,
743 2433 783 2490 ut,
797 2423 844 2497 qui
865 2422 934 2480 nihil
956 2424 1019 2482 arrtd
1033 2434 1108 2481 ratus
1120 2443 1163 2482 es·

230 2504 379 2560 autminus
401 2502 518 2578 regium,
543 2500 625 2574 quam
653 2501 740 2557 sacris
760 2501 862 2557 dedere
889 2502 1021 2575 animum,
1049 2501 1162 2578 rep'entd

230 2581 358 2638 omnibus
372 2579 480 2656 magnis
494 2580 636 2654 parvisque
645 2579 885 2653 superstitionibus
892 2580 1027 2638 obnoxius
1040 2581 1172 2658 degeret„

231 2659 463 2735 religionibusque
477 2658 561 2714 etiarn
574 2656 706 2732 populum
727 2657 860 2732 impleret.
900 2657 994 2734 Vulgo
1005 2658 1063 2734 jam
1076 2659 1163 2716 homi

232 2755 292 2809 nes,
305 2755 370 2794 eum
384 2747 484 2794 statum
498 2753 607 2802 rerum„
621 2734 668 2810 qui
689 2735 741 2791 sub
761 2734 855 2792 Numa
875 2754 940 2811 rege
962 2735 1059 2808 suerat,
1073 2737 1162 2810 requi·
1183 2797 1188 2812 ι

198 2829 223 2870 30
234 2827 334 2883 rentes,
348 2833 432 2870 unam
445 2833 526 2888 opem
540 2813 620 2888 aegris
634 2813 794 2886 corporibus
814 2813 949 2882 relictam,
970 2814 993 2870 si
1006 2832 1060 2887 pax
1073 2813 1164 2870 venia·
1187 2831 1188 2834 ’

234 2911 287 2966 que
301 2893 335 2948 ab
349 2891 410 2948 Diis
424 2891 568 2968 impetrata
580 2901 662 2961 esset,
686 2891 844 2948 credebaut.
885 2889 980 2966 Ipsum
994 2907 1101 2963 regem,
1111 2900 1164 2948 tra·

234 2970 313 3037 dunt,
328 2969 479 3026 volventem
494 2968 706 3026 commentarios
715 2967 825 3036 Numae,
840 2987 924 3043 quum
938 2966 976 3023 ibi
985 2967 1165 3042 quaedamoc·

234 3046 309 3106 culta
322 3047 448 3104 solennia
460 3047 596 3103 sacrificia
609 3045 671 3102 Jovi
692 3045 782 3102 Elicio
803 3046 877 3102 facta
897 3045 1059 3117 invenisset,
1069 3065 1165 3121 opera·

234 3137 293 3182 tum
308 3127 350 3182 his
364 3125 449 3182 sacris
462 3145 491 3181 se
501 3124 639 3180 abdidisse
651 3140 659 3192 3
680 3124 728 3180 sed
738 3143 793 3180 non
802 3124 852 3180 rite
866 3123 964 3179 initum
979 3133 1026 3182 aut
1039 3133 1165 3182 curatum

200 3205 385 3262 uaidsacrum
406 3222 484 3270 esse3
518 3205 571 3258 uec
592 3201 684 3258 solirm
706 3201 809 3257 nullam
831 3201 857 3257 ei
878 3200 997 3258 oblatam
1011 3203 1167 3260 coelestium

234 3283 366 3358 speciem,
380 3282 439 3353 sed,
453 3281 494 3338 ira
515 3279 600 3344 dorio,
623 3279 762 3336 sollicitati
783 3277 867 3352 prava
887 3275 1028 3354 religione,
1050 3279 1166 3336 fulmine
1232 3337 1243 3359 0

235 3360 320 3416 ictum
335 3379 399 3416 curn
422 3359 503 3415 domo
524 3356 715 3432 conflagrasse.
756 3356 857 3413 Tullus
878 3360 978 3433 magna
999 3357 1085 3434 gloria
1100 3354 1169 3414 belli

237 3439 360 3514 regnavit
374 3456 462 3504 annos
475 3438 544 3493 duos
558 3447 586 3492 et
599 3435 720 3510 triginta.

276 3591 405 3652 XXXII.
435 3593 546 3651 Mortuo
567 3591 661 3660 Tullo,
684 3611 736 3664 res,
759 3601 789 3650 ut
810 3592 964 3651 institutum
983 3591 1040 3668 jam
1054 3590 1120 3650 inde
1133 3592 1169 3650 ab
1192 3569 1194 3574 ,

202 3689 228 3730 so
238 3670 317 3730 initio
331 3684 397 3744 erat,
412 3673 446 3729 ad
462 3671 557 3728 Patres
570 3672 705 3727 redierat:
734 3670 815 3744 hique
831 3671 997 3746 interregem
1010 3669 1169 3726 nominare·

237 3760 317 3809 rante
337 3768 391 3826 quo
403 3751 515 3810 comitia
528 3749 657 3820 habente,
681 3749 794 3805 Ancum
815 3747 953 3806 Marcium
973 3765 1068 3822 regern
1085 3764 1170 3824 popu·
