2638 4206
152 297 211 376 roe
295 359 297 368 ,
551 301 619 354 rm
634 301 717 354 nrru
802 330 804 334 -

152 446 263 516 “etque
275 459 370 502 arcem
380 442 474 520 populi
493 444 628 512 Romani,
646 444 676 504 iu
695 463 726 510 re
744 443 975 520 trepidaturum
994 411 1084 504 emal:
1151 422 1158 429 .

152 518 381 596 “collegiumque
394 523 429 579 ad
442 543 503 580 eam
525 543 582 584 rem
598 523 638 582 M.
651 523 753 592 Furius
766 523 883 580 dictator
904 522 1097 582 constitueret
1152 579 1156 588 ,

70 601 93 671 ᾗ
152 604 215 652 “ex
229 596 270 668 iis,
283 600 330 673 qui
343 600 373 658 in
387 600 523 676 Capitolio
535 613 617 676 etque
631 620 695 660 arce
709 601 890 660 babitarent.”
931 600 1087 677 Expende

150 673 235 730 etiam
248 678 323 736 vocis
335 689 487 750 nocturne,
500 699 561 755 que
575 680 674 738 nuntia
692 679 780 738 cladis
799 690 863 738 ante
883 679 987 736 bellum
999 679 1086 738 Gelli·

150 769 216 810 cum
243 755 338 814 audita
356 757 537 833 neglectaque
564 769 645 828 esset,
674 758 779 816 mentio
797 757 892 827 illeca3
923 757 1122 833 jussumqueo

150 831 283 906 templum
297 835 326 891 in
340 835 422 894 Nova
435 836 480 894 viri
493 837 548 912 Ajo
561 837 678 895 locutio
692 836 760 894 fieri.
801 837 922 902 Aurum,
934 836 1007 910 quod
1021 835 1088 894 Gal·

151 907 186 964 lis
198 923 324 985 ereptum
336 925 404 981 erat,
425 916 553 989 quodque
575 933 611 972 ex
632 915 693 972 aliis
714 914 825 990 templis
844 914 915 973 inter
929 913 1088 988 trepidatio-

152 1005 218 1044 nem
232 988 261 1044 in
275 989 351 1050 lovis
365 992 463 1051 cellam
477 993 618 1060 collatum,
640 1012 736 1068 quum,
749 994 777 1050 in
791 1010 851 1067 quae
865 991 961 1050 referri
980 1004 1087 1067 oporte·

152 1076 203 1138 ret,
216 1067 333 1128 confusa
345 1071 477 1128 memoria
490 1082 570 1142 esset,
585 1091 694 1128 sucrum
708 1091 790 1130 omne
806 1070 970 1146 judiqatum,
993 1081 1021 1127 et
1034 1070 1086 1126 sub

153 1141 310 1204 lorissellir
332 1149 398 1225 poni
421 1149 537 1228 jussum.
577 1149 642 1206 lam
663 1148 728 1206 antri
749 1149 778 1207 in
798 1168 831 1206 eo
851 1148 948 1224 religio
968 1147 1087 1206 civitatis
1097 1162 1123 1202 ro

152 1224 429 1302 apparuerar‚=qudd,
450 1247 534 1302 quum
557 1229 585 1286 in
599 1228 710 1303 publico
722 1229 832 1284 deesset
850 1245 960 1298 eurum,
979 1245 1014 1284 ex
1033 1246 1088 1302 quo

153 1317 261 1359 summe
274 1315 361 1380 pactae
374 1306 511 1364 mercedis
525 1307 612 1364 Gallis
626 1306 768 1372 confieret,
782 1325 799 1362 a
811 1305 943 1362 metronis
957 1303 1090 1364 collatum

152 1394 338 1454 acceperunt,
354 1394 384 1442 ut
403 1403 483 1442 sucro
508 1403 575 1441 euro
595 1384 787 1442 abstineretur.
837 1382 975 1442 Matronis
992 1383 1088 1458 gratiae

154 1466 233 1524 asslaes
248 1457 386 1536 honosque
406 1463 526 1529 additus,
540 1472 571 1520 ut
583 1481 689 1530 earum,
702 1462 774 1519 sicut
787 1461 915 1533 virorum,
938 1473 1000 1536 post
1017 1481 1088 1520 mor·

152 1543 209 1590 tem
223 1538 344 1596 solennis
356 1540 477 1598 laudatio
489 1551 570 1598 esset.
612 1541 651 1598 Iis
665 1541 793 1616 peractis,
816 1559 877 1614 quae
891 1539 926 1596 ad
940 1539 1015 1596 Deos
1028 1559 1088 1614 per-
1100 1551 1122 1592 te

23 1643 25 1650 ι
60 1636 71 1654 ι
153 1610 289 1684 tinebant,
308 1637 424 1692 queque
444 1637 492 1693 per
513 1629 639 1676 senatum
653 1619 699 1694 egi
718 1628 860 1693 poterant3
893 1629 952 1674 tum
966 1618 1088 1684 demum,

153 1689 322 1777 agitantibus
335 1696 453 1753 tribunis
466 1695 573 1769 plebem
588 1696 706 1753 assiduis
726 1696 918 1762 concionibus,
933 1706 974 1762 ut,
986 1695 1090 1753 relictis

154 1783 251 1842 rurms,
264 1772 294 1829 in
307 1773 403 1830 urbem
416 1785 549 1848 parntem,
571 1774 666 1849 Vejos,
686 1773 922 1849 transmigrarent,
937 1775 965 1831 in
980 1773 1112 1832 eonem]

154 1860 228 1983 penit,
244 1850 370 1909 universo
382 1862 481 1911 senatu
493 1863 685 1927 prosequente,
708 1853 844 1920 escendit,
861 1863 942 1926 atque
956 1852 994 1909 ita
1007 1852 1091 1909 rerba

167 1939 210 1982 eor
233 1943 239 1982 :
1098 1940 1127 1982 so

195 2093 244 2156 LI.
277 2097 387 2156 “Adeo
412 2097 482 2156 mihi
502 2095 610 2154 acerbe
630 2103 704 2160 sunt,
734 2091 871 2158 Quirites,
899 2087 1092 2146 contentiones
1176 2162 1179 2168 ἱ
1209 2097 1212 2105 ’

155 2171 175 2205 “
183 2191 249 2234 cnm
261 2177 378 2235 tribunis
391 2176 487 2252 plebis,
501 2186 532 2233 ut
545 2193 598 2232 neo
611 2171 760 2230 tristissimi
774 2169 863 2226 exsilii
877 2167 1005 2226 solatium
1017 2166 1093 2254 aliud
1209 2165 1214 2174 “

156 2249 337 2328 “babuerim,
360 2255 450 2330 quosd
471 2255 574 2312 Ardeae
594 2252 659 2322 viti,
680 2250 762 2324 quim
782 2246 855 2322 quiid
879 2245 975 2320 procul
995 2244 1031 2300 ab
1050 2245 1094 2300 bis

156 2329 382 2392 “certaminibus
395 2351 486 2390 eram:
507 2343 535 2389 et
546 2331 582 2388 ob
595 2330 693 2387 eadem
708 2329 778 2394 hec,
792 2345 859 2391 non,
873 2325 896 2381 si
910 2342 954 2380 me
968 2321 1095 2380 seuattis-

157 2407 313 2470 “consulto
334 2412 481 2487 populique
507 2405 585 2487 jussu
612 2405 786 2475 revocaretis,
814 2400 953 2460 rediturus
972 2411 1130 2476 unquamso

157 2485 176 2519 “
187 2489 295 2547 fuerim.
335 2490 398 2546 Nec
411 2508 488 2546 nune
498 2508 552 2554 me,
567 2498 597 2544 ut
612 2487 741 2555 redirem,
764 2501 828 2540 mea
840 2481 966 2538 voluntas
980 2489 1094 2546 mutata,

104 2623 108 2626 .
158 2563 235 2624 “sed
250 2579 340 2626 vestra
352 2568 462 2625 fortuna
474 2565 612 2642 perpulit:
632 2564 743 2638 quippe,
765 2576 796 2618 ut
815 2560 844 2617 iu
859 2563 908 2616 sud
922 2559 989 2616 sede
1002 2575 1097 2614 mane·

159 2642 178 2677 “
189 2657 231 2703 ret
243 2647 339 2722 patrie,
355 2646 382 2703 id
402 2646 552 2720 agebatur3
586 2663 642 2700 non
668 2652 699 2716 ut
719 2659 773 2715 ego
787 2639 881 2712 utique
899 2637 1031 2724 inpetriri
1054 2654 1097 2692 es-

159 2721 178 2755 “
190 2744 268 2782 seur:
301 2737 330 2783 et
342 2743 419 2782 nunc
438 2726 608 2798 quiescerem
623 2741 657 2778 ao
670 2733 792 2776 tacerem
816 2717 943 2784 libenter,
961 2715 1015 2772 nisi
1035 2714 1096 2802 brec

160 2800 294 2886 “quoque
308 2823 357 2880 pro
376 2803 464 2879 patriai
484 2800 625 2858 dimicatio
636 2809 726 2866 esset3
757 2796 804 2854 cui
818 2796 925 2866 deesse,
938 2793 1028 2867 quoad
1042 2803 1131 2849 vitem

160 2881 179 2916 “
188 2895 323 2959 suppetet,
338 2882 399 2941 aliis
411 2893 500 2956 turpe,
514 2879 632 2936 Camillo
649 2877 732 2934 etiam
747 2875 826 2932 nefus
839 2884 888 2930 est.
928 2871 1008 2931 Quid
1021 2869 1098 2928 enirn

161 2959 371 3036 “repetiimusl
404 2960 471 3035 quid
492 2959 633 3016 obsessam
654 2975 689 3012 ex
711 2953 830 3012 bostium
850 2951 978 3036 menibus
997 2948 1100 3036 eripui-

162 3036 260 3111 “mus,
274 3041 297 3096 si
311 3049 499 3114 recuperatum
521 3037 571 3110 ipsi
591 3032 763 3090 deserimusl
787 3041 815 3087 et
834 3047 927 3103 quum,
948 3025 1099 3082 victoribus

162 3115 181 3150 “
190 3117 287 3189 Gallis,
309 3119 390 3192 oaptri
412 3119 468 3176 total
495 3115 573 3184 urbe,
593 3111 762 3186 Capitolium
789 3120 882 3166 tamen
903 3116 984 3178 atque
1004 3121 1098 3192 arcem

163 3193 294 3268 “Diique
313 3209 342 3252 et
361 3195 487 3254 homines
507 3191 629 3250 Romani
649 3187 798 3259 tenuerint,
812 3183 1013 3250 habitaverint3
1042 3195 1135 3270 pro-ao

164 3273 296 3332 “toribus
309 3274 455 3346 Romanis,
468 3271 631 3346 recuperata
644 3267 722 3338 urbe,
742 3285 790 3322 ern
809 3281 917 3338 quoque
937 3273 965 3320 et
988 3260 1101 3334 Capito-

165 3352 261 3410 “lium
275 3353 439 3410 deseretur?
465 3361 495 3408 et
506 3350 569 3426 plus
591 3345 724 3404 vastitatis
737 3344 805 3402 buia
826 3341 888 3399 urbi
901 3339 1103 3430 secundanos·

166 3431 236 3490 “tra
249 3431 359 3490 fortune
370 3430 462 3497 faciet,
476 3427 558 3503 quim
579 3427 693 3484 adress
712 3422 801 3480 secitl
840 3419 1001 3507 Equidem,¹
1011 3435 1039 3506 sp
1054 3435 1104 3474 no·

166 3510 186 3546 “
197 3511 238 3568 bis
252 3529 316 3568 curn
330 3508 399 3568 urbe
411 3508 492 3566 simul
503 3507 601 3583 posite
615 3504 834 3576 traditoeqaeper
844 3515 943 3556 murus
953 3497 1104 3572 religiones

166 3587 279 3644 “nulle
291 3599 393 3655 essent,
416 3597 510 3644 nmen
532 3596 589 3642 tam
611 3582 726 3640 evidens
744 3597 850 3638 numen
870 3578 923 3634 hac
939 3584 1144 3650 tempestatem

167 3665 278 3722 “rebus
291 3666 370 3726 offuit
383 3664 528 3734 Romanis,
550 3673 705 3720 utomnem
726 3656 926 3734 negligentiam
946 3652 1033 3712 divini
1047 3651 1105 3710 cul-

167 3743 410 3824 “tiueremptrm
428 3741 587 3804 bominibus
598 3750 703 3816 putem.
743 3733 896 3796 Intuemini
915 3733 1116 3795 enimborrm-
