2622 4194
548 367 648 422 mutu
662 367 698 421 u
728 381 789 420 eurr.
799 381 842 420 n.
894 345 945 418 *rit
1031 348 1064 422 '²⁷22
1119 371 1158 431 'n

224 512 318 574 “tilla
330 531 431 572 moenru
439 512 538 573 domus
548 531 581 571 ιο
590 523 703 588 penates
712 530 767 570 mer
777 521 852 586 sunt
859 519 946 570 mater
947 511 1078 590 ‚eonjux‚
1086 509 1157 574 libe·-

225 593 362 667 .‘“rique'
373 591 385 650 i
418 591 502 668 Ergo,
510 554 1159 690 egenisipeperisseuulb’omunouopbugnurue
1186 589 1189 608 ¹

224 671 244 708 “
254 682 314 740 tur;
333 669 387 727 nist
379 668 488 727 tilium
501 671 642 737 haberem,
654 669 762 727 libera
754 688 784 726 ιιι
796 668 882 726 libera
894 669 980 758 patria
993 681 1103 728 mortue
1113 689 1155 729 es·

225 749 244 786 “
254 766 320 806 sem.
361 747 419 806 Sed
438 766 492 824 ego
511 747 601 806 nihil
590 766 648 825 Jam
659 747 729 836 pati,
741 765 795 806 uec
808 747 858 804 tibi
870 747 977 822 turpius
989 749 1072 823 quim
1085 750 1157 809 mihi

204 829 243 882 5“
253 824 388 894 miserius,
401 843 530 902 possum:
550 843 614 893 nec,
628 833 659 882 ut
672 822 723 882 sim
737 823 900 914 miserrima,
918 825 967 882 diu
981 826 1072 885 sutura
1084 847 1154 886 sum.

224 909 244 944 ‘⁶
254 903 298 961 De
311 904 356 962 his
368 903 486 974 videris3
506 923 584 979 quos,
598 904 622 960 si
631 903 731 992 pergis,
742 912 789 959 uut
797 903 944 961 immatura
952 923 1033 975 mors
1042 917 1089 963 aut
1098 906 1157 965 lon·

223 981 549 1072 “guservitusmanet’¹
580 977 895 1038 Uxordeindeuoliberi
909 982 1046 1074 amplexi
1064 983 1157 1044 fletus-

223 1079 277 1136 que
290 1061 325 1117 ub
336 1079 413 1118 omni
404 1059 505 1118 turba
518 1059 664 1118 mulierum
676 1070 762 1126 ortus,
772 1069 801 1116 et
810 1059 988 1134 eomplorutio
996 1061 1038 1118 sui
1051 1063 1160 1136 petriae·

171 1201 174 1208 ,
224 1157 287 1214 que,
302 1138 409 1214 fregere
423 1138 577 1195 tandem
553 1125 658 1194 vrruiu:
679 1137 839 1212 complexus
859 1136 923 1194 inde
944 1157 1007 1196 suos
1027 1140 1155 1198 dimittit.

194 1217 284 1291 tuipse
297 1227 368 1275 retro
381 1216 416 1272 ab
428 1215 503 1273 Urbe
526 1226 616 1274 eastre
628 1215 720 1272 movit.
760 1214 898 1272 Abductis
918 1215 1020 1274 deinde
1043 1209 1164 1293 legioni'

227 1295 278 1351 bus
291 1313 326 1351 ex
336 1312 404 1370 egro
417 1293 554 1364 Romano,
568 1293 673 1350 invidia
685 1293 725 1350 rei
735 1311 896 1370 oppressum
906 1294 1019 1369 periisse
1027 1297 1156 1366 trudunt3

226 1371 274 1430 alii
287 1371 340 1430 alio
360 1372 423 1430 leto.
468 1371 552 1446 Apud
573 1371 701 1438 Fabium,
719 1371 800 1448 longe
823 1370 1044 1446 antiquissimum
1065 1385 1158 1433 aucto·

225 1467 294 1521 reru,
320 1466 406 1524 usque
426 1450 461 1507 ad
481 1459 652 1506 senectutem
665 1449 764 1507 vixisse
783 1450 913 1507 eumdem
933 1450 1051 1509 invenio.
1098 1453 1157 1511 Re·

226 1526 278 1586 fert
301 1527 385 1594 uerte,
411 1528 485 1586 hano
507 1547 580 1602 saepe
593 1545 657 1584 eum
670 1529 767 1584 exacti
786 1537 865 1584 etate
885 1529 1030 1603 usurpbsse
1050 1549 1156 1602 vocem,

226 1610 245 1642 ‘⁵
257 1603 350 1662 Multb
361 1604 488 1662 miserius
501 1606 561 1662 seui
575 1605 702 1662 exsilium
715 1605 805 1662 esse.”
845 1605 911 1663 Non
923 1606 1082 1664 inviderunt
1098 1609 1157 1665 lau·

197 1683 349 1740 udessues
361 1683 524 1741 mulieribus
543 1682 593 1740 viri
613 1682 755 1741 Romani:
783 1682 853 1740 adeb
875 1683 934 1741 sine
955 1685 1156 1746 obtrectatione

226 1761 320 1837 gloriae
346 1760 442 1818 alienae
468 1761 616 1819 vivebatur.
676 1761 860 1820 Monumento
884 1781 992 1837 quoque
1019 1765 1092 1838 quud
1115 1783 1157 1824 eu

227 1850 278 1906 set,
299 1839 431 1914 templum
451 1839 582 1900 Fortuuae
602 1839 736 1898 Muliebri
758 1840 923 1901 aedifieetum
942 1841 1157 1918 dedicatumque
