2620 4200
465 376 567 428 usus
579 348 662 428 utin.
679 390 740 427 ιιι.
755 387 810 426 ιιι.
829 419 831 424 ,
987 383 990 391 ·
1016 425 1017 432 ,
1072 379 1131 438 205

119 591 123 598 ,
208 529 304 590 “sent
315 519 455 580 neminem
468 519 550 578 hodie
562 538 598 577 ex
615 519 657 592 iis,
678 519 724 594 qui
744 519 779 576 od
799 517 911 576 Cannas
928 529 1129 594 pugnaverunt,

188 600 322 658 “‘ciuem
337 598 454 656 baberet.
494 597 539 655 Ex
555 597 675 654 millibus
694 607 799 672 septem
819 605 983 653 armatorum
1006 597 1130 654 sexcenti

103 736 106 744 ,
209 677 403 742 “excuterent
417 675 464 749 qui
476 693 618 750 erumpere
629 676 771 764 auderent,
781 673 829 748 qui
839 672 868 732 in
876 673 991 748 patriam
1003 673 1081 732 liberi
1092 684 1131 731 et·

208 765 226 792 ι·
235 773 287 830 que
298 753 394 810 armati
407 751 546 810 redirent.
566 770 656 826 neque
670 753 704 808 iis
720 751 901 844 quadraginta
914 750 999 808 millia
1011 750 1131 840 hostiurn

188 839 226 893 ⁶⁴¹
234 829 372 888 obstrtere
383 830 488 892 Quum
502 840 591 888 tutum
601 830 652 888 rter
660 831 775 887 duarum
784 847 868 905 prope
857 827 1019 904 legionum
1027 827 1131 902 agmini
1158 829 1166 846 ‘

206 918 224 946 ‘¹
231 909 354 968 futurum
367 910 485 965 censetis
505 907 612 964 firisset
652 907 801 965 Haberetis
822 905 904 964 hodie
927 906 1024 982 viginti
1046 905 1133 962 millia

205 994 395 1043 “armatorum
409 985 533 1051 Canusii,
548 984 637 1052 fortia,
651 985 751 1055 fidelia,
762 985 858 1042 Patres
868 983 1035 1058 conscripti:
1055 1001 1132 1040 nunc

204 1071 323 1120 “autem
340 1063 571 1136 quemadmodum
597 1063 626 1120 hi
649 1063 714 1120 boni
728 1062 875 1136 fidelesque
902 1059 980 1150 (nam
993 1061 1076 1118 fortes
1095 1079 1132 1118 ne
1165 1061 1167 1066 ’

206 1141 283 1215 “ipsi
295 1140 406 1215 quidem
419 1140 552 1218 dixerint)
572 1140 647 1198 cives
660 1159 721 1196 esse
734 1139 869 1214 possunti
898 1137 952 1195 nisi
965 1139 1026 1212 quis
1039 1138 1133 1196 crede·
1165 1145 1169 1164 ²

176 1223 261 1278 to“re
286 1228 374 1293 potest
396 1217 488 1289 inisse,
511 1227 542 1274 ut
561 1217 776 1292 erumpentibus,
797 1217 863 1290 quin
883 1224 1067 1292 erumperent,
1086 1215 1134 1272 ob·

206 1295 327 1353 “sistere
340 1295 432 1352 conati
445 1263 524 1351 subt:
546 1305 593 1352 aut
603 1315 658 1354 non
668 1295 792 1352 inuidere
802 1313 850 1351 eos
852 1311 951 1369 ,quum
961 1292 1134 1350 incolumita-

208 1381 226 1408 “
218 1373 264 1444 ui,
277 1381 335 1429 tum
348 1372 440 1462 gloria
453 1371 561 1430 illorum
573 1391 623 1461 per
645 1373 772 1430 virtutem
765 1382 878 1463 partae,
892 1389 975 1446 quum
988 1371 1042 1428 sibi
1054 1371 1134 1428 timo·

207 1458 226 1484 ‘⁸
218 1459 292 1506 ‘rem
306 1450 497 1525 ignaviamque
510 1450 676 1508 seruitutis'
669 1449 858 1526 rgnominiosae
882 1467 994 1506 causam
1007 1467 1068 1506 esse
1081 1447 1135 1504 sci·

209 1536 292 1585 “unt.
334 1526 518 1584 Malueruut
510 1547 540 1585 ιιι
560 1527 684 1586 tentoriis
704 1528 821 1585 latentes
840 1527 921 1584 simul
939 1526 1031 1582 lucem
1054 1535 1135 1614 atque

177 1609 227 1664 rs“
239 1605 346 1663 hostem
353 1615 528 1716 exspectare,
538 1624 621 1680 quum
630 1605 836 1663 silentionoctis
848 1603 1012 1694 erumpendi
1024 1602 1135 1660 occasio

207 1691 225 1720 ‘¹
233 1691 313 1739 esset.
353 1683 416 1739 ‘At
430 1682 504 1738 enirn
519 1684 553 1739 ad
567 1683 766 1772 erumpendum
780 1681 998 1739 ecastrisdesuit
1007 1681 1135 1747 animus3

208 1760 284 1816 ‘⁴‘ad
309 1760 425 1832 tutanda
449 1759 553 1817 sortiter
580 1771 670 1817 castra
702 1761 825 1817 animum
851 1758 1015 1816 habueruut
1067 1757 1136 1814 Dies

202 1847 241 1877 '⁶‘
248 1848 397 1910 noctesque
423 1835 523 1910 aliquot
547 1837 661 1910 obsessi,
690 1836 790 1894 vallum
822 1837 914 1908 armis,
934 1853 964 1892 se
983 1835 1035 1911 ipsi
1054 1835 1135 1892 tutati

207 1914 321 1970 “rullo
340 1923 425 1970 sunt-2
457 1915 569 1971 tundent
589 1915 685 1972 ultima
704 1915 763 1970 ausi
783 1914 917 1988 passique,
938 1932 1022 1988 quum
1042 1913 1136 1970 omnia

176 1991 373 2049 oo⁸“subsidia
391 1990 453 2046 vitae
473 1991 608 2060 abessent,
636 1991 803 2064 affectisque¹
822 1990 893 2046 same
920 1990 1032 2056 uiribus,
1060 2007 1136 2046 arma

209 2068 307 2143 “‘jam
327 2068 462 2124 sustinere
482 2067 634 2142 nequirent,
660 2067 871 2124 necessitatibus
890 2067 979 2142 magis
998 2067 1135 2133 humanis,

209 2155 243 2184 ‘⁴‘
251 2144 334 2219 qudm
348 2145 440 2216 armis,
453 2145 519 2202 victi
532 2145 614 2201 sunt'
653 2144 723 2201 Orto
736 2144 802 2212 sole,
817 2145 902 2202 hostis
917 2145 952 2201 ad
975 2144 1075 2201 vatium
1089 2163 1137 2201 ac·

210 2232 227 2280 9⁴
236 2222 336 2280 cessit:
357 2233 421 2278 ante
434 2223 584 2279 secundam
604 2221 710 2294 horam,
730 2221 834 2278 nullam
853 2221 991 2279 fortunam
1012 2221 1137 2278 certami-

156 2327 161 2339 ι
210 2301 279 2356 “nis
292 2300 406 2374 experti,
426 2296 596 2360 tradiderunt
616 2317 691 2356 arma
714 2317 747 2356 ao
760 2317 790 2356 se
804 2298 884 2374 ipsos.
924 2299 995 2356 Haec
1008 2297 1084 2356 robis
1097 2299 1137 2373 ip·

176 2386 329 2434 morum
348 2395 397 2452 per
422 2377 535 2433 biduum
561 2375 659 2434 militia
679 2376 751 2434 suit:
784 2395 868 2451 quum
883 2377 912 2432 in
933 2376 992 2433 acie
1012 2386 1083 2433 sture
1103 2393 1137 2432 ac
1188 2412 1194 2420 ·

209 2458 360 2530 “pugnare
382 2454 521 2524 decuerat,
534 2466 593 2512 tum
614 2454 643 2511 in
663 2465 753 2514 castra
772 2454 951 2530 refugerunt:
980 2471 1065 2542 quum
1087 2455 1154 2528 pro'

210 2532 308 2588 “vatlo
320 2531 500 2620 pugnandum
512 2542 579 2604 erat,
601 2542 692 2590 castra
713 2532 904 2624 tradiderunt,
918 2550 1007 2607 neque
1027 2531 1136 2588 inscie

211 2611 229 2644 “
238 2627 326 2682 neque
340 2609 369 2664 iu
382 2608 479 2666 castris
492 2609 581 2667 utiles.
621 2611 679 2668 Vos
696 2610 852 2667 redimamt
885 2627 970 2684 quum
992 2625 1136 2684 erumpere

211 2688 229 2724 “
237 2687 334 2743 castris
346 2695 461 2776 oportet,
474 2687 645 2745 cunctamini
658 2705 691 2744 ao
702 2688 837 2745 manetis:
850 2705 934 2761 quum
944 2705 1066 2753 monere,
1077 2705 1136 2744 eus·

178 2779 203 2819 oo
211 2764 230 2798 “
238 2771 280 2820 ιιι
292 2764 374 2818 tutari
387 2763 470 2820 armis
482 2783 597 2822 necesse
611 2775 662 2832 est,
676 2777 704 2822 et
727 2776 817 2823 castra
829 2775 857 2821 et
874 2782 950 2821 arma
962 2774 991 2820 et
1003 2782 1050 2819 vos
1063 2763 1136 2838 ipsos

211 2839 346 2896 “traditis
369 2839 449 2897 hosti.
487 2839 549 2916 Ego
574 2861 629 2899 non
649 2843 737 2918 magis
758 2843 823 2900 istos
844 2840 1026 2910 redimendos,
1041 2840 1136 2897 Patres

211 2919 231 2954 “
239 2916 397 2991 conscripti
413 2935 522 2988 censeo,
536 2920 618 2992 qudm
631 2919 691 2976 illos
703 2919 844 2978 dedendos
857 2916 1008 2975 Hannibali
1010 2916 1074 2991 ,qui
1087 2935 1136 2992 per

211 2997 231 3032 “
241 2994 347 3052 medios
359 2995 450 3052 hostes
463 3013 479 3051 e
492 2997 588 3054 castris
608 3007 766 3072 eruperunt,
784 3015 818 3055 ac
840 3015 888 3072 per
906 3013 1041 3091 summum
1054 2995 1136 3052 virtu·

170 3109 172 3116 ,
212 3077 295 3130 “tem
309 3091 339 3130 se
351 3072 445 3148 patriae
458 3073 644 3178 restituerunt
646 3075 664 3104 ”

180 3248 205 3288 os
251 3227 328 3286 LXI.
349 3229 496 3319 Postquam
510 3229 632 3289 Manlius
647 3231 724 3300 dixit,
738 3246 901 3306 quamquam
910 3183 1136 3306 Patrumquoque

212 3304 355 3395 plerosque
368 3307 468 3404 captivi
480 3311 644 3384 cognatione
653 3308 853 3400 Ηιιιίιιςιὶιιιιι,
865 3317 962 3383 praeter
981 3310 1136 3383 exemplum

122 3435 125 3440 .
213 3382 330 3440 civitatis
342 3383 455 3440 minimd
469 3385 498 3442 in
511 3387 632 3462 captivos
649 3388 705 3464 jam
720 3387 783 3444 inde
795 3385 946 3476 antiquitus
959 3385 1135 3474 indulgentis,

213 3461 339 3535 pecuniae
352 3480 459 3537 quoque
472 3481 580 3522 summa
594 3466 718 3523 homines
731 3464 832 3523 movit:
862 3464 927 3538 quia
943 3481 998 3522 nec
1011 3462 1137 3520 aeruriurn

215 3537 357 3596 exhaurire
360 3542 507 3616 ,m'agnd
497 3559 554 3616 Janr
568 3545 674 3601 summd
687 3541 826 3618 erogati
818 3561 847 3598 ιιι
860 3561 951 3600 seruos
964 3543 998 3598 ad
1012 3538 1138 3597 mititiam

183 3616 359 3676 cernendos
367 3618 575 3693 armandosque,
593 3639 646 3678 nec
659 3620 855 3687 Hannibalem,
879 3618 998 3676 maxime
1021 3617 1137 3692 hujusce

177 3699 256 3749 ιιι
248 3690 313 3768 (ut
326 3693 397 3750 sama
410 3699 481 3776 erat)
495 3707 632 3772 egentem,
645 3697 805 3774 locupletari
818 3697 952 3756 volebant.
972 3695 1068 3756 Quum
1077 3696 1137 3752 tris·

214 3779 242 3836 te
255 3787 423 3847 responsum,
444 3776 462 3809 “
473 3792 529 3910 ιιιέιι
542 3775 640 3834 redimi
659 3775 808 3854 captivos,'’
821 3776 959 3834 redditum
980 3784 1062 3840 esset,
1091 3789 1137 3828 no-
