2620 4200
436 309 537 357 arcun
551 308 655 358 xxvu.
682 321 847 357 mamm.
865 283 868 290 ’
1054 317 1110 394 πμ

184 449 233 526 qui
245 449 359 507 biennio
371 452 436 508 aute
449 460 572 508 mortuus
584 462 650 508 orat.
681 449 745 508 Hoc
758 449 855 508 eodem
870 466 943 508 anno
955 458 984 506 et
995 449 1112 509 lustrum

186 527 329 586 conditum
359 537 399 585 est
426 547 442 585 a
469 529 629 586 censoribus
656 529 687 585 P.
716 527 879 603 Sempronio
911 527 1066 586 Tuditano.
1084 543 1113 586 et

187 605 228 664 Μ.
242 606 369 664 Cornelio
382 607 514 682 Cethego.
554 607 646 663 Censa
659 607 759 664 civium
774 606 865 681 capita
888 616 999 662 centum
1017 606 1113 682 trigin-

186 694 215 741 ta
228 695 331 758 septem
345 685 437 752 millia,
452 694 563 741 centum
577 697 605 741 et
617 694 696 742 octo:
717 683 806 740 minor
819 682 957 757 aliquantd
970 681 1111 755 numerus,

166 761 267 836 cqudm
286 762 331 835 qui
354 774 418 819 ante
441 763 543 819 bellum
557 763 652 818 luerat.
693 761 735 819 Eo
748 779 821 817 anno
846 759 983 838 [primlum
1005 780 1040 818 ex
1059 779 1113 836 quo

186 839 326 896 Hannibal
341 840 369 895 iu
384 841 491 897 ltaliam
506 839 795 974 venissetpmrnitium
809 850 913 895 tectum
927 857 997 910 esse,
1011 857 1114 897 memo·

184 916 231 972 riae
251 917 388 990 proditum
412 929 461 984 est,
482 928 509 975 et
523 919 601 974 ludos
653 935 767 974 omanos
789 917 873 972 semel
895 917 1058 974 instauratos
1078 917 1113 973 ab

151 993 309 1050 *aedilibus
322 995 463 1052 curulibus
474 994 513 1056 Q.
530 995 642 1053 Metello
656 1007 683 1052 et
697 996 729 1052 C.
745 994 878 1062 Servili03
907 1006 934 1051 et
946 994 1061 1070 plebejis
1074 995 1114 1051 lu-

151 1038 170 1138 5
185 1073 227 1128 dis
240 1070 354 1129 biduum
369 1075 548 1130 instauratum
569 1075 604 1130 ab
622 1072 661 1133 Q.
674 1073 799 1129 Mamilio
822 1083 850 1128 et
870 1071 910 1128 M.
924 1073 1039 1130 Caecilio
1053 1069 1123 1130 Me·'

156 1143 170 1228 Ξ
184 1149 248 1206 tello
262 1149 386 1207 edilibus
399 1152 495 1226 plebis.
535 1151 572 1208 Et
584 1152 636 1208 tria
649 1152 729 1226 sigua
742 1151 775 1206 ad
795 1149 904 1207 Cereris
927 1150 1011 1206 iidem
1031 1151 1114 1208 dede·
1148 1167 1152 1175 ’

164 1277 170 1289 ,
186 1239 267 1283 runt:
287 1237 314 1283 et
327 1228 402 1286 lovis
415 1229 526 1304 epulum
541 1230 593 1285 suit
604 1229 731 1284 ludorum
744 1228 837 1284 causti.
877 1227 1060 1284 Consulatum
1074 1228 1114 1285 in·

152 1293 171 1366 Ξ
185 1305 220 1360 de
234 1305 330 1361 ineunt
343 1307 377 1363 C.
391 1308 525 1364 Claudius
546 1306 622 1364 Nero
644 1317 671 1363 et
685 1306 725 1362 M.
741 1305 834 1363 Livius
852 1306 961 1372 iterum,
974 1307 1029 1378 qui,
1050 1307 1115 1381 quia

157 1380 171 1450 ἦ
183 1382 239 1457 jam
254 1381 388 1458 designati
402 1385 556 1459 provincias
569 1385 655 1441 sortiti
668 1395 755 1456 erant,
779 1395 907 1458 praetores
928 1383 1016 1440 sortiri
1028 1383 1115 1460 jusse-

152 1453 256 1516 Erunt.
307 1461 340 1517 Ο.
356 1462 474 1519 Hostilio
494 1463 598 1518 urbana
617 1463 726 1519 evenit:
748 1461 841 1518 addita
860 1462 1062 1536 et-peregrina,
1084 1474 1115 1519 ut

154 1547 239 1594 rstres
260 1539 288 1596 in
315 1540 470 1614 provincias
499 1540 573 1597 exire
602 1551 730 1614 possent:
763 1539 799 1595 A.
828 1539 946 1598 Hostilio
976 1541 1114 1608 Sardinia,

185 1615 217 1672 Ο.
232 1616 355 1674 Mamilio
369 1618 473 1687 Sicilia,
485 1618 519 1674 L.
533 1618 631 1675 Porcio
643 1618 733 1674 Gallia
751 1617 851 1673 evenit.
892 1618 1009 1674 Summa
1028 1615 1114 1693 legio·

167 1711 251 1758 ,num
263 1695 345 1751 triurrt
359 1705 387 1750 et
401 1695 496 1770 viginti
511 1696 549 1751 ita
561 1714 609 1770 per
629 1696 783 1769 provincias
803 1695 899 1767 divisa,
913 1706 944 1752 ut
956 1696 1029 1751 binae
1048 1715 1115 1753 con-
1151 1705 1154 1712 ’

184 1771 272 1828 sulum
286 1783 396 1839 essent3
423 1784 536 1847 quatuor
550 1773 686 1848 Hispania
700 1774 832 1839 haberet;
858 1783 913 1829 tres
932 1784 1061 1846 praetores
1074 1774 1114 1830 bi-

183 1867 243 1920 nas,
257 1849 285 1905 in
301 1850 405 1919 Sicilie,
420 1851 448 1906 in
463 1851 601 1922 sardinii,
615 1861 643 1908 et
656 1851 763 1924 Gallim
788 1851 857 1906 duas
870 1850 903 1906 C.
918 1849 1069 1908 Terentius
1083 1852 1113 1908 iu

151 1925 314 1994 mEtrurid3
347 1927 415 1983 duas
436 1927 476 1988 Q.
497 1927 611 1984 Fulvius
630 1929 659 1984 in
679 1928 812 1994 Bruttiis3
843 1928 911 1983 duas
924 1926 964 1987 Q.
978 1929 1114 1985 Claudius

185 2004 260 2060 circa
273 2003 427 2061 Tarentum
441 2014 469 2060 et
482 2006 667 2073 Sallentinos,
688 2023 771 2061 unam
786 2005 819 2059 C.
834 2003 969 2061 Hostilius
983 2005 1113 2061 Tubulus

185 2080 304 2156 Capuae;
325 2083 386 2139 duae
401 2082 512 2138 urbanae
526 2092 556 2137 ut
569 2083 762 2139 scriberentur.
802 2080 901 2138 Primis
919 2091 1033 2154 quatuor
1047 2083 1114 2158 legi·

184 2160 284 2216 onibus
296 2160 412 2235 populus
425 2160 549 2217 tribunos
568 2160 689 2216 creavit:
719 2160 748 2215 in
762 2170 875 2215 ceteras
893 2160 1020 2216 consules
1033 2161 1113 2216 mise·

184 2245 257 2310 runt.

153 2412 177 2452 aa
222 2393 379 2452 XXXVII.
400 2394 571 2470 'Priusquam
585 2393 713 2451 consules
732 2392 981 2468 proficiscerentur,
1002 2412 1113 2452 novem·
1141 2467 1144 2472 1

184 2471 256 2528 diale
276 2492 383 2529 sacrum
409 2472 470 2544 tuit,
490 2471 554 2546 quia
573 2472 651 2547 Vejis
670 2473 705 2528 de
735 2471 805 2528 coelo
825 2471 1000 2546 lapidaverat.
1054 2473 1113 2540 Sub

185 2550 266 2605 unius
285 2551 401 2626 prodigii
423 2550 466 2629 (ut
491 2551 534 2628 lit)
556 2551 732 2618 mentionem,
759 2549 812 2606 alia
838 2568 945 2623 quoque
965 2550 1091 2607 nuntiata
1103 2570 1111 2621 ;

118 2661 120 2670 ι
184 2625 334 2685 Minturnis
348 2629 435 2684 aedern
459 2627 534 2684 lovis
554 2637 582 2684 et
601 2628 695 2684 lucum
716 2627 839 2698 Maricae,
860 2627 925 2684 item
940 2628 1038 2684 Atellae
1052 2627 1119 2690 mu·'

184 2722 246 2760 rum
265 2715 293 2762 et
318 2717 431 2780 portam,
452 2706 486 2761 de
507 2705 577 2762 crelo
596 2715 677 2762 tacta.
730 2704 945 2772 Minturnenses,
965 2699 1112 2762 terribilius

153 2782 257 2855 nequod
270 2793 350 2852 esset,
362 2783 536 2856 adjiciebant,
550 2783 692 2858 sanguinis
705 2783 792 2839 rivum
806 2783 834 2840 iu
843 2784 921 2857 portal
934 2781 1046 2839 fluxisse
1056 2802 1073 2849 :¹
1084 2798 1127 2854 et·¹
1179 2841 1183 2854 ,Ἰ

177 2859 288 2933 ·Capuae
308 2859 396 2933 lupus,
420 2870 500 2916 nocte
519 2871 624 2934 portam
647 2861 796 2935 ingressus,
819 2860 929 2935 vigilem
950 2860 1111 2916 laniaverat.

185 2936 257 2997 Haee
279 2947 424 3011 procurata
448 2937 542 2994 hostiis
568 2937 715 3011 majoribus
744 2938 876 3012 prodigia,
903 2946 930 2992 et
950 2936 1112 3010 supplicatio

186 3013 258 3072 diem
273 3034 359 3071 unum
373 3015 423 3072 suit
436 3034 471 3071 ex
484 3015 595 3071 decreto
607 3015 783 3089 pontificum:
812 3015 876 3071 inde
890 3015 988 3071 iterum
1002 3033 1112 3072 novem·

186 3091 257 3148 diale
270 3093 460 3165 instauratum,
473 3090 544 3166 qudd
558 3092 587 3148 in
601 3093 764 3150 Armilustro
786 3093 922 3166 lapidibus
945 3092 1031 3149 visum
1053 3094 1112 3168 plu·

154 3187 242 3228 scere.
281 3169 422 3228 Liberatus
435 3171 567 3244 religione
581 3182 687 3227 mentes
707 3171 826 3227 turbavit
838 3188 931 3226 rursus
946 3171 1110 3246 nuntiatum,

188 3245 342 3304 Frusinone
355 3249 488 3306 infantem
504 3259 598 3304 natum
611 3266 671 3304 esse
684 3248 826 3322 quadrimo
839 3267 949 3322 parom3
969 3267 1023 3306 nec
1035 3269 1110 3326 mag-

187 3324 311 3383 nitudine
325 3337 380 3382 tarn
394 3327 557 3396 mirandum,
580 3324 662 3399 quim
676 3323 747 3399 qudd
762 3325 784 3381 is
797 3343 912 3398 quoqne,
927 3336 957 3383 ut
970 3327 1108 3384 Sinuessae

188 3400 299 3460 biennio
313 3403 385 3474 ante,
399 3404 527 3473 incertus,
542 3421 600 3460 mas
613 3422 648 3460 au
662 3403 774 3459 soemiua
787 3415 866 3473 esset,
881 3414 960 3460 natus
969 3416 1034 3461 erat.
1075 3403 1109 3459 Id

189 3479 252 3536 verb
267 3483 413 3556 aruspices,
427 3500 462 3538 ex
477 3481 587 3538 Etruria
599 3481 690 3548 acciti,
705 3480 806 3536 soedum
820 3499 853 3536 ac
863 3492 941 3556 turpe
954 3481 1109 3558 prodigium

157 3556 297 3626 rodicere:
317 3575 450 3617 extorrem
467 3577 532 3634 agro
544 3558 681 3625 Romano,
704 3559 797 3633 procul
811 3569 889 3615 terrae
902 3567 1040 3624 contactu,
1054 3558 1109 3616 alto

189 3637 376 3710 mergendum.
415 3639 516 3694 Vivum
531 3637 559 3694 iu
579 3652 670 3700 arcam
685 3635 841 3711 condidere,
855 3647 1065 3710 provectumque
1079 3635 1108 3692 in

174 3731 264 3788 „mare
276 3715 455 3790 projecerunt.
486 3715 639 3850 {igerevbre
653 3715 718 3772 item
731 3714 883 3795 pontifices,
897 3725 927 3770 ut
939 3712 1057 3787 virgines
1067 3725 1108 3770 ter
