2622 4194
149 323 169 384 4
450 327 477 377 Τ.
493 327 575 378 LlVll
591 329 777 380 suntme.

150 465 295 525 miscendo
319 467 440 526 bumana
465 469 574 541 divinis,
606 471 754 548 primordie
779 471 888 529 urbium
920 472 1077 550 angustiora

151 560 243 620 faciut.
284 561 330 635 Et,
343 563 367 621 si
380 563 427 620 cui
440 565 540 640 populo
552 565 636 622 licere
655 576 760 641 oportet
779 584 942 624 consecrare
955 567 1078 642 origines

150 677 223 736 suas,
237 668 265 715 et
278 658 313 716 ad
326 657 402 717 Deos
414 660 516 718 referre
529 671 664 727 auctores,
678 680 712 718 ea
725 661 789 718 belli
806 661 893 737 gloria
913 671 954 718 est
976 661 1079 736 populo

151 753 291 821 Romano,
315 763 346 812 ut
358 773 444 830 quum
457 774 538 813 suurn
558 755 761 830 conditorisque
781 756 823 812 sui
837 767 979 830 parentem
999 756 1076 814 Mar·
1097 745 1100 752 ⁴

151 857 208 905 tem
216 847 389 923 potissimum
401 849 479 921 ferat,
499 860 555 907 tarn
572 860 601 907 et
614 850 668 907 hoc
684 860 782 924 gentes
796 850 923 906 humanae
937 850 1096 925 patianturs

152 959 229 1016 aequo
249 942 351 1011 animo,
366 944 448 1018 quam
471 944 616 1020 imperium
635 943 785 1020 patiuntur.
825 945 882 1000 Sed
904 945 964 1002 haec
984 945 1076 1001 ethis

151 1036 260 1110 similia,
274 1047 422 1112 utcumque
433 1038 623 1097 animadversa
632 1047 680 1094 aut
689 1037 846 1098 existimata
856 1048 946 1105 erunt,
957 1039 1031 1094 haud
1044 1039 1074 1096 in

151 1148 252 1206 magno
274 1133 402 1206 equidem
424 1152 525 1208 ponam
548 1133 717 1190 discrimine.
758 1133 804 1190 Ad
823 1133 870 1189 illa
889 1133 957 1189 milri
976 1151 1025 1207 pro
1044 1153 1075 1190 se

150 1225 265 1300 quisque
295 1227 393 1284 acriter
420 1228 546 1284 intendet
571 1227 703 1294 animum,
730 1246 790 1302 qnae
817 1227 881 1294 vite,
911 1227 958 1301 qui
985 1246 1075 1285 mores

151 1318 268 1390 fuerint3
288 1338 337 1395 per
349 1340 416 1396 quos
429 1322 508 1389 viros,
522 1322 673 1396 quibusque
687 1322 800 1389 artibus,
814 1321 888 1378 domi
906 1321 1073 1395 militiaeque,
1084 1344 1109 1382 rc

151 1423 179 1470 et
198 1424 307 1490 partum
319 1424 348 1472 et
360 1425 472 1472 auctum
493 1416 637 1491 imperium
657 1416 711 1484 sit3
731 1415 842 1472 lubente
861 1415 962 1471 deinde
981 1417 1075 1490 poula-

151 1508 201 1564 tim
214 1508 370 1583 disciplinis,
384 1510 459 1567 velut
475 1511 632 1568 desidentes
652 1509 739 1585 primd
759 1527 849 1566 mores
869 1521 996 1584 sequatur
1018 1511 1075 1568 ani·

151 1620 212 1670 mo;
232 1603 333 1660 deinde
346 1615 377 1661 ut
390 1605 478 1680 magis
490 1606 629 1680 magisque
639 1605 708 1679 lapsi
721 1604 793 1672 sint3
813 1613 871 1660 turn
887 1603 927 1660 ire
940 1606 1074 1679 coeperint

150 1696 305 1782 praecipites
315 1717 322 1767 ;
343 1699 433 1756 donec
452 1701 487 1756 ad
507 1700 567 1756 haec
586 1710 718 1774 tempora,
737 1699 838 1772 quibus
855 1718 911 1756 nec
929 1700 994 1757 vitia
1013 1719 1075 1756 nos·

151 1802 194 1846 tra
206 1810 259 1848 nec
273 1792 395 1849 remedia
406 1793 463 1869 pati
482 1809 636 1867 possumus,
649 1803 810 1868 perventum
830 1804 880 1849 est.
919 1793 985 1850 Hoc
1006 1793 1073 1850 illud
1084 1808 1108 1847 1⁵

152 1896 194 1941 est
215 1886 352 1962 precipue
375 1887 405 1944 iu
424 1887 581 1962 cognitione
608 1905 699 1944 rerum
719 1887 828 1943 salubre
848 1905 881 1943 ec
904 1887 1073 1962 frugiferum,

151 1980 241 2037 omnis
254 1989 282 2037 te
300 1981 418 2055 exempli
438 1981 604 2038 documenta
622 1981 652 2038 in
672 1981 769 2037 illustri
789 1980 877 2054 posita
896 1992 1075 2039 monumento

151 2073 268 2130 intueri:
289 2074 353 2131 inde
367 2075 417 2131 tibi
439 2084 546 2150 tueque
559 2076 725 2150 reipublice,
738 2076 812 2149 quod
832 2075 949 2145 imitere,
963 2075 1074 2149 capias:
1168 2083 1172 2104 ¹

152 2167 227 2240 inde,
248 2167 351 2226 fedum
363 2162 486 2244 inceptu,
500 2170 603 2227 soedum
623 2171 707 2238 exitu,
722 2169 795 2244 quod
815 2169 892 2226 vites.
932 2169 1074 2226 Ceterum

151 2272 199 2319 aut
212 2281 257 2320 me
271 2282 346 2322 umor
358 2265 462 2340 negotii
482 2265 602 2340 suscepti
622 2265 700 2335 fallit,
714 2274 761 2320 aut
780 2263 856 2319 nulla
879 2281 1000 2335 unquam
1020 2281 1075 2319 res·
1089 2287 1115 2324 eo

151 2357 263 2430 publiea
281 2377 335 2417 nec
354 2360 450 2433 major,
463 2378 517 2416 nec
537 2359 667 2428 sanctior,
680 2375 734 2414 nec
756 2355 836 2412 bonis
848 2355 981 2429 exemplis
994 2356 1074 2414 ditior

151 2449 222 2518 fuit3
243 2469 297 2506 nec
317 2451 346 2506 in
364 2470 446 2524 quam
466 2451 604 2508 civitatem
624 2460 680 2506 tarn
700 2468 768 2506 sere
788 2449 901 2505 avaritia
913 2449 1074 2526 luxuriaque

151 2544 386 2619 immigreverint;
399 2564 453 2601 nec
464 2545 511 2601 ubi
521 2555 614 2602 tantus
627 2563 660 2601 ac
673 2555 730 2600 tarn
743 2543 791 2600 diu
803 2544 955 2618 paupertati
968 2562 1002 2600 ac
1015 2563 1075 2619 par·

151 2639 276 2696 simoniae
300 2640 387 2696 honos
415 2638 514 2696 fuerit:
545 2637 625 2710 adeo,
645 2639 747 2712 quantd
765 2657 857 2694 return
877 2638 977 2705 minus,
998 2637 1074 2696 tantd

150 2735 243 2793 minus
255 2734 413 2808 cupiditatis
433 2744 499 2791 erat.
540 2733 637 2807 Nuper
657 2733 758 2790 divitius
779 2732 929 2805 avaritiam,
942 2743 970 2789 et
988 2733 1108 2790 abun-as

151 2829 248 2885 dantes
267 2828 418 2903 voluptates
438 2827 605 2884 desiderium
631 2845 679 2901 per
708 2826 910 2900 luxum'atque
929 2827 1073 2884 libidinem

150 2923 285 2997 pereundi
306 2921 492 2996 perdendique
513 2922 606 2979 omnia
625 2920 764 2980 invexere.
812 2922 868 2978 Sed
891 2922 1017 2996 querele,
1037 2941 1073 2979 ne

150 3027 208 3074 tum
222 3017 332 3091 quidem
345 3027 429 3092 gratae
438 3017 545 3083 suturae,
554 3035 638 3090 quum
648 3015 760 3074 sorsitun
773 3026 801 3072 et
814 3016 1072 3087 necessariaeerunt,

151 3112 186 3168 ab
199 3111 277 3168 initio
291 3113 365 3168 certe
378 3121 461 3168 tantae
473 3111 613 3168 ordiendae
624 3111 664 3168 rei
678 3109 776 3167 absint.
810 3110 883 3166 Cum
891 3111 970 3168 bonis
980 3111 1074 3185 potius

149 3206 288 3264 ominibus
301 3205 422 3279 votisque
435 3224 469 3261 ac
482 3204 686 3280 precationibus
699 3204 821 3260 Deorum
835 3202 1011 3278 Deorumque
1025 3203 1071 3280 (si,
1081 3220 1107 3260 a

150 3311 181 3358 ut
193 3300 291 3375 poetis,
305 3299 384 3356 nobis
397 3317 505 3374 quoque
517 3317 577 3356 mos
590 3299 676 3376 esset)
690 3297 825 3370 libentius
834 3285 1028 3374 inciperemus,
1042 3307 1074 3354 ut

150 3396 218 3452 orsis
231 3393 300 3453 tanti
312 3393 402 3470 operis
416 3411 561 3451 successus
573 3411 714 3470 prosperos
727 3393 834 3450 durent.
