2622 4194
513 355 614 411 trastt
629 357 675 410 tn.
697 373 756 411 ers.
768 374 811 408 xa.
1106 359 1145 420 07

209 497 318 557 “rentt
351 503 483 576 graviora,
511 493 571 578 qboe
597 503 745 579 patiantur,
775 501 862 559 videri
887 500 954 578 jam
975 499 1143 574 hominibus,

211 578 230 614 ‘⁶
239 576 318 654 quim
332 597 392 653 quae
407 582 560 638 metuant.”

248 733 310 791 XL.
342 735 413 794 Haeo
426 737 594 796 vociferante
608 738 733 805 Horatio,
754 755 838 811 quum
853 735 1002 793 decemviri
1023 754 1077 793 nec
1097 735 1145 793 ire

210 828 263 868 nec
276 813 440 886 ignoscendi
461 817 573 873 modum
588 818 750 890 reperirent,
764 835 827 886 neo,
841 812 895 888 qud
908 831 1025 870 evasura
1044 831 1089 872 res
1101 832 1145 871 es·

187 899 259 956 sset,
286 903 450 963 cernereut;
483 895 516 950 Ο.
538 895 660 960 Claudii,
680 895 727 968 qui
748 905 861 969 patruus
887 887 972 967 Appii
993 891 1145 950 decemviri

207 980 274 1037 erat,
289 971 376 1028 oratio
397 972 447 1029 fuit
470 973 607 1047 precibus,
621 971 703 1047 quiam
722 972 823 1048 jurgio,
845 971 951 1038 similis,
972 970 1076 1027 orantis
1095 989 1145 1045 per

206 1045 250 1101 sui
263 1047 352 1104 fratris
366 1051 540 1124 parentisque
554 1051 614 1127 ejus
628 1069 741 1121 manes;
772 1049 837 1106 “Ut
850 1049 939 1105 civilis
953 1047 1044 1123 potiris
1058 1049 1146 1105 socie·

207 1125 225 1156 “
234 1125 308 1193 tatis,
330 1127 359 1182 in
383 1131 435 1202 qua
449 1139 531 1184 natus
550 1140 633 1194 esset,
654 1129 737 1203 quam
752 1128 864 1185 foederis
885 1119 989 1183 nefarie
1010 1126 1058 1183 icti
1079 1145 1146 1184 oum

207 1201 358 1278 “collegis
388 1207 578 1263 meminisset:
612 1206 698 1263 multi>
728 1207 754 1263 id
786 1205 874 1280 magis
904 1223 934 1260 se
965 1203 1038 1260 illius
1058 1206 1146 1262 causa

176 1279 322 1351 ro“orare,
343 1284 426 1356 quam
445 1285 613 1358 reipublicae.
653 1284 768 1359 Quippe
788 1282 998 1358 rempublicam,
1020 1283 1042 1338 si
1065 1301 1081 1339 a
1101 1301 1146 1340 vo-

208 1356 356 1414 “lentibus
383 1375 511 1435 nequeat,
541 1363 575 1418 ab
595 1363 687 1419 invitis
711 1364 757 1438 jus
785 1362 976 1437 expetiturum.
1033 1361 1089 1416 Sed
1110 1379 1146 1418 ex

206 1437 339 1510 “magno
357 1440 508 1496 certamine
538 1459 653 1516 magnas
683 1440 798 1498 excitari
826 1439 912 1496 ferme
942 1439 1015 1506 iras3
1048 1457 1145 1499 earum

206 1515 365 1571 “eventum
385 1535 415 1572 se
436 1519 574 1575 horrere.''
613 1519 713 1579 erum
733 1519 818 1589 aliud,
831 1527 1013 1592 praeterquam
1033 1516 1068 1572 de
1089 1534 1145 1589 quo

205 1592 374 1660 retulissent,
398 1595 548 1653 decemviri
569 1597 662 1654 dicere
682 1597 870 1671 prohiberent,
892 1594 1041 1650 Claudium
1062 1594 1145 1651 inter·
1171 1647 1173 1672 ζ
1227 1592 1232 1606 ’

173 1669 327 1744 aspellandi
341 1673 508 1729 verecundia
521 1673 580 1731 fuit.
622 1674 795 1731 Sententiam
810 1674 893 1748 igitur
906 1672 1021 1747 peregit,
1034 1672 1145 1730 'nullum
1170 1729 1174 1742 ,

204 1747 316 1822 placere
329 1752 607 1810 senatus-consultum
621 1752 690 1808 fieri.
731 1752 891 1824 Omnesque
906 1751 943 1806 ita
957 1749 1143 1824 accipiebant,
1170 1745 1175 1801 i

203 1825 324 1900 privatos
336 1846 384 1884 eos
398 1847 414 1884 a
428 1829 547 1886 Claudio
558 1830 714 1905 judicatos3
746 1829 879 1902 multique
903 1847 938 1885 ex
951 1827 1145 1884 consularibus

205 1903 290 1959 verbo
312 1907 416 1961 assensi
438 1917 509 1965 sunt.
557 1907 622 1963 Alia
645 1907 792 1973 sententia,
813 1905 933 1980 asperior
957 1905 986 1961 in
1010 1905 1143 1979 speciem,

205 1979 263 2034 vim
277 1981 411 2037 minorem
434 1982 573 2056 aliquanti)
594 1985 700 2051 habuit,
714 2003 775 2058 quan
789 1984 918 2059 patricios
939 1982 1014 2039 coire
1028 1982 1063 2037 ad
1083 2000 1145 2056 pro·

171 2055 330 2120 ardendum
345 2059 510 2134 interregem
527 2061 660 2136 jubebat:
694 2063 836 2118 censendo
849 2061 934 2126 enim,
953 2076 1143 2134 quoscumque

206 2135 383 2208 magistratus
402 2154 473 2204 esse,
503 2139 549 2212 qui
570 2150 696 2195 senatum
717 2141 861 2210 haberent,
878 2137 1041 2214 judicabat3
1075 2155 1143 2212 quos

205 2211 327 2286 privatos
354 2214 457 2270 fecerat
484 2229 579 2271 auctor
609 2217 712 2272 nullius
739 2215 981 2272 senariis-consulti
1012 2214 1142 2272 faciendi.

204 2287 251 2346 Ita
263 2291 373 2347 labante
384 2292 442 2366 jam
456 2293 541 2350 causa
561 2293 790 2365 decemvirorum,
808 2293 841 2348 L.
856 2293 1002 2349 Cornelius
1023 2292 1143 2366 Malugi-

203 2369 308 2438 nensis,
324 2369 364 2426 tl.
379 2370 501 2427 Cornelii
516 2371 665 2428 decemviri
689 2371 781 2438 frater,
796 2388 880 2444 quum
894 2388 929 2426 ex
950 2368 1144 2426 consularibus

171 2445 240 2510 ,aad
256 2447 382 2504 ultimum
396 2448 508 2504 dicendi
522 2449 614 2506 locum
628 2448 756 2507 consultd
776 2459 899 2505 servatus
913 2458 995 2519 esset,
1009 2447 1142 2504 simulan-

204 2523 241 2579 do
255 2544 351 2585 euram
365 2525 438 2594 belli,
453 2526 570 2584 fratrem·
578 2526 752 2602 collegasque
761 2527 821 2602 ejus
831 2526 978 2582 tuebatur:
992 2528 1143 2600 “quonam

203 2603 223 2635 “
233 2603 288 2660 sato
301 2604 453 2674 incidisset,
478 2606 570 2661 mirari
584 2606 644 2676 se‚”
668 2605 808 2671 dictitans,
829 2607 847 2638 “
856 2615 886 2661 ut
899 2605 1080 2672 decemviros,
1094 2605 1143 2679 qui

204 2681 223 2713 ‘¹
232 2681 448 2738 decemviratum
457 2683 601 2758 petissent,
610 2694 658 2740 aut
668 2682 762 2762 [socii]
773 2700 821 2739 aur
829 2683 857 2738 hi
867 2681 989 2743 maxims
1000 2699 1143 2757 oppugna·

203 2758 223 2792 “
232 2770 309 2815 rent:
331 2770 378 2816 aut
390 2761 455 2834 quid
470 2761 516 2827 ita,
530 2780 613 2836 quum
628 2779 676 2837 per
690 2772 729 2818 tet
738 2779 855 2830 menses,
866 2761 953 2816 vacua
964 2761 1083 2827 civitate,
1093 2777 1142 2815 ne-

172 2859 196 2898 an
204 2837 223 2870 “
233 2855 287 2902 mo,
294 2837 397 2912 justine
405 2836 580 2912 magistratus
588 2859 703 2895 summae
712 2857 802 2896 rorurn
814 2848 975 2914 preessent,
988 2846 1143 2892 controver-

207 2914 226 2950 “
235 2914 304 2970 siam
318 2914 431 2983 secerit3
452 2933 528 2972 nunc
542 2916 664 2988 demum,
688 2935 772 2991 quum
797 2919 889 2973 hostes
902 2913 986 2989 prope
1000 2913 1036 2968 ad
1048 2922 1142 2987 portas
1159 2949 1163 2956 ι

206 2993 296 3062 “sint,
310 2993 406 3049 civiles
419 2993 572 3050 discordias
584 3007 694 3051 serant:
728 2995 781 3052 nisi
795 2994 869 3070 qudd
883 2993 911 3048 in
926 2989 1036 3048 turbido
1049 2989 1142 3048 mimis

205 3071 408 3146 “perspicuum
424 3072 480 3128 fore
498 3084 605 3146 putent,
620 3073 685 3147 quid
699 3085 804 3150 agatur.
846 3069 985 3127 Caeterdm
1000 3070 1142 3128 neminem

204 3148 334 3224 “majore
355 3149 423 3206 cura
436 3151 579 3226 occupatis
600 3151 709 3217 animis,
740 3169 834 3208 verum
855 3167 925 3219 esse,
946 3147 1142 3225 praejudicium

172 3227 271 3290 ar“rei
291 3238 374 3285 tantae
394 3227 501 3285 afferre.
555 3229 614 3286 Sibi
634 3229 753 3303 placere,
782 3229 816 3284 de
837 3245 879 3297 eo,
907 3228 980 3300 qnod
1010 3227 1141 3284 Valerius

204 3305 416 3380 “Horatiusque
430 3317 493 3362 ante
508 3306 577 3363 Idus
590 3307 680 3382 Majas
693 3305 864 3363 decemviros
874 3303 964 3362 abisse
977 3305 1141 3380 magistratu

204 3383 399 3454 “insimulent
413 3384 502 3456 bellis,
522 3403 583 3457 quaa
604 3385 776 3450 immineant,
789 3383 927 3457 perfectis,
948 3381 1090 3459 republica
1110 3380 1140 3436 in

204 3459 409 3536 “tranquillum
422 3463 545 3533 redacta,
558 3476 656 3520 senatu
670 3463 851 3537 disceptante,
865 3460 928 3538 agi:
955 3473 983 3519 et
994 3461 1051 3536 jam
1063 3473 1140 3515 nune

204 3538 271 3596 “ita
283 3558 418 3614 separare
438 3541 494 3614 Ap.
508 3540 668 3608 Claudium,
689 3551 720 3597 ut
740 3539 924 3608 comitiorum,
945 3557 1006 3614 quae
1027 3537 1140 3594 decem·

172 3617 225 3678 ω’(
235 3616 299 3674 viris
311 3619 438 3676 creandis
451 3620 592 3676 decemvir
605 3621 663 3694 ipse
684 3617 819 3684 habuerit,
840 3619 910 3675 sciat
929 3617 982 3674 sibi
1002 3615 1138 3673 rationem

204 3695 401 3754 “reddendam
420 3716 491 3768 esse,
515 3699 604 3756 utrdm
625 3699 654 3756 in
675 3715 761 3754 unum
783 3713 886 3753 annum
907 3692 993 3753 creati
1013 3693 1078 3766 sint,
1102 3711 1138 3750 an

202 3775 322 3834 “donee
340 3774 426 3851 leges,
446 3795 507 3852 quae
533 3776 670 3847 deessent,
691 3775 885 3852 perferrentur.
938 3772 972 3829 Iu
992 3771 1139 3848 praesentia
