2622 4194
552 355 654 409 Ltnnrt
669 355 690 409 l.
721 369 781 410 css.
797 373 852 410 xxc
1123 355 1161 422 21

190 543 192 552 ,
240 493 497 572 flaminesadjecit3
519 491 601 556 Marti
614 517 710 567 unum,
724 499 839 558 alterum
851 494 980 562 Quirino.
1018 491 1162 576 Virgines-

241 593 294 648 que
306 574 398 631 Vestae
411 574 488 649 legit,
502 576 574 632 Alba
586 577 734 633 oriundum
754 578 946 648 sacerdotium,
965 584 994 633 et
1006 579 1082 652 genti
1096 597 1162 635 cou-

191 649 195 664 '
241 651 335 708 ditaris
360 651 434 707 haud
458 652 587 709 alienum.
627 654 690 725 His,
710 664 741 710 ut
764 655 881 711 assidua
907 654 1001 728 templi
1026 655 1162 712 antistites

240 738 342 798 essent,
365 728 531 802 stipendium
554 730 590 786 dc
612 731 723 804 publico
736 732 847 788 statuit:
880 731 1034 806 virginitate
1048 731 1163 806 aliisque

220 804 412 861 coeremoniis
425 803 594 863 venerabiles
616 825 650 863 ac
673 819 781 865 sanctas
802 809 875 866 fecit.
916 808 1005 864 Salios
1017 807 1082 865 item
1096 809 1164 866 duc-

239 881 332 938 decim
345 880 428 938 Marti
442 882 561 940 Gradivo
573 880 658 960 legit3
685 885 840 959 tunicaeque
853 886 933 960 pictae
953 885 1061 960 insigne
1077 885 1163 953 dedit,

239 968 268 1014 et
281 977 363 1033 super
375 958 498 1016 tunicam
509 979 616 1020 aeneum
627 962 729 1036 pectori
739 963 860 1037 tegimen
871 981 880 1030 ς
894 963 1068 1036 coelestiaque
1078 981 1163 1034 arma,

240 1053 301 1108 quae
316 1035 427 1092 Ancilis
440 1037 618 1111 appellantur,
632 1038 712 1110 serre,
735 1053 769 1096 ac
790 1057 839 1114 per
862 1040 956 1096 urbem
980 1039 1019 1096 ire
1032 1049 1164 1096 canentes

241 1112 365 1169 carmina
387 1131 451 1168 cum
473 1114 599 1188 tripudiis
622 1115 781 1189 solennique
804 1117 901 1172 saltatu
919 1116 1007 1191 jussit.
1054 1115 1165 1173 Pontifi-

211 1195 235 1240 10
243 1206 304 1244 cem
317 1189 418 1246 deinde
431 1189 553 1247 Numam
577 1191 724 1262 Marcium,
748 1193 837 1249 Marci
860 1193 957 1259 filium,
980 1211 1015 1248 cn
1036 1193 1164 1250 Patribus

243 1264 327 1339 legit;
348 1266 427 1339 eique
440 1285 519 1323 sacra
538 1269 631 1325 omnia
653 1269 791 1344 exscripta
813 1270 1009 1344 exsignataque
1022 1270 1162 1340 attribuit;

203 1339 208 1352 '
244 1341 342 1414 quibus
355 1342 571 1418 hostiis„quibus
583 1345 689 1413 diebus,
704 1347 738 1402 ad
752 1363 813 1420 quae
833 1347 942 1422 templa,
966 1365 1044 1403 sacra
1056 1347 1163 1415 fierent,

244 1427 325 1492 atque
345 1419 419 1476 unde
439 1420 469 1476 iu
491 1439 538 1478 eos
561 1433 683 1497 sumptus
706 1425 824 1498 pecunia
843 1435 1008 1498 erogaretur.
1057 1424 1165 1482 Caetera

242 1507 352 1569 quoquc
365 1497 459 1553 omnia
471 1497 582 1572 publica
594 1500 751 1574 privataque
764 1519 842 1556 sacra
854 1501 991 1574 pontificis
1006 1500 1083 1557 scitis
1102 1501 1165 1556 sub·

212 1583 235 1623 15
241 1571 327 1646 jocit3
360 1583 391 1630 ut
410 1585 491 1640 esset,
515 1575 568 1648 qud
591 1577 747 1634 consultum
772 1577 867 1652 plebes
886 1578 1010 1644 veniret;
1043 1578 1166 1650 nequid

243 1649 328 1706 divini
339 1650 416 1725 juris,
430 1641 597 1726 negligendo
610 1654 711 1728 patrios
731 1654 809 1725 ritus,
831 1655 1044 1729 peregrinosque
1063 1655 1167 1711 adscis-

197 1776 200 1808 ἱ
243 1726 341 1798 cendo,
364 1727 527 1785 turbaretur.
573 1729 636 1788 Nec
656 1731 783 1787 coelestes
805 1729 886 1787 modd
908 1731 1094 1798 ceremonias,
1117 1732 1166 1787 scd

240 1801 314 1877 justa
327 1821 433 1878 quoque
446 1805 582 1878 funebria,
596 1807 799 1882 placandosque
820 1807 929 1876 Manes,
950 1820 979 1865 nt
992 1809 1066 1865 idem
1078 1808 1167 1882 ponti·

243 1877 289 1936 fex
301 1881 445 1950 edoceret3
472 1901 586 1957 quaequa
605 1885 739 1960 prodigia,
754 1885 913 1942 fulminibus
933 1886 1019 1942 aliove
1041 1903 1095 1958 quo
1108 1885 1167 1942 visu

138 2017 141 2025 ι
210 1956 335 2024 tumissa,
350 1959 554 2034 susciperentur
567 1971 648 2036 atque
662 1972 838 2018 curarentur:
866 1963 901 2018 ad
923 1981 957 2018 ea
976 1961 1113 2018 elicienda
1133 1979 1169 2018 ex

179 2045 194 2116 3
244 2035 382 2093 mentibus
405 2035 514 2106 divinis,
540 2038 603 2092 lobi
625 2038 715 2096 Elicio
738 2055 812 2097 aram
836 2037 866 2098 in
879 2039 1029 2098 *Aventino
1050 2037 1169 2110 dicavit3
1208 2039 1210 2046 '

108 2167 112 2182 ,
189 2161 195 2219 j
244 2107 390 2187 Deunmue
404 2112 541 2174 consuluit
554 2115 684 2193 auguriis,
697 2113 942 2197 quaesuscipiendn
955 2127 1054 2180 uacent.
1093 2183 1114 2210 ,κ

187 2271 194 2330 ἶ
282 2267 366 2326 XXI.
397 2269 443 2327 Ad
465 2270 525 2328 hec
546 2272 727 2332 consultanda
748 2277 972 2352 procurandaque
995 2277 1173 2336 multitudine

243 2346 319 2402 omui
332 2364 349 2402 a
362 2345 387 2404 ri
401 2357 429 2404 et
442 2349 525 2406 armis
538 2353 679 2418 conversi,
694 2364 722 2409 et
742 2354 827 2411 animi
850 2355 952 2428 aliquid
970 2356 1077 2430 agendo
1089 2375 1174 2412 occu·

211 2423 299 2496 capati
313 2434 402 2491 eraut,
416 2435 445 2482 et
457 2425 580 2484 Deorum
594 2429 704 2485 assidua
717 2431 841 2488 insidens
851 2450 928 2504 cura,
941 2449 1025 2506 quum
1038 2433 1170 2489 interesse

244 2500 326 2556 rebus
339 2502 467 2559 humanis
480 2505 591 2562 cmleste
604 2505 719 2570 Numen
731 2508 879 2579 videretur,
891 2510 925 2564 ed
937 2511 1038 2584 pietate
1047 2511 1173 2568 omnium·

244 2586 355 2652 pectora
368 2578 512 2652 imbuerat,
526 2592 557 2639 nt
569 2583 638 2639 fides
655 2602 688 2640 ac
708 2584 911 2660 jusjurandum,
932 2587 1056 2662 proximo
1078 2587 1173 2662 legunt

246 2671 280 2709 ac
301 2671 444 2728 poenarum
464 2668 548 2729 metu,
570 2659 708 2718 civitatem
730 2673 876 2737 regerent:
915 2674 944 2720 et
965 2683 1049 2738 quum
1070 2664 1120 2738 ipsi
1141 2682 1176 2720 se

245 2729 372 2788 homines
394 2733 423 2789 iu
446 2733 529 2808 regis,
552 2736 627 2792 velut
646 2739 722 2794 unici
745 2740 873 2814 exempli,
894 2759 983 2797 mores
1004 2740 1170 2807 formarent3

213 2817 304 2863 sotum
318 2807 427 2865 finitimi
440 2810 522 2866 etiam
536 2812 636 2885 populi,
649 2814 696 2885 qui
709 2816 782 2880 aute,
801 2828 900 2888 castra,
913 2835 969 2874 non
982 2818 1089 2882 urbem,
1102 2817 1173 2890 posi·

246 2892 303 2939 tam
317 2883 345 2940 in
359 2885 451 2947 medio
464 2886 498 2943 ad
512 2887 712 2945 sollicitandam
731 2891 854 2948 omniurn
867 2911 974 2966 pacem,
988 2893 1172 2961 crediderant,

247 2959 276 3016 in
289 2979 351 3018 eam
371 2963 565 3021 verecundiam
586 2965 697 3022 adducti
721 2978 793 3032 sunt,
816 2980 846 3024 ut
869 2965 1017 3033 civitatem,
1038 2973 1122 3022 totam
1142 2967 1172 3020 in

198 3083 201 3089 .
246 3037 351 3094 cultum
374 3057 479 3096 versam
502 3039 635 3108 Deorum,
661 3041 755 3099 violari
777 3044 911 3101 ducerent
942 3041 1026 3097 nefas.
1078 3041 1174 3098 Lucus

246 3124 313 3183 crat,
336 3133 418 3189 quem
442 3117 564 3174 medium
585 3137 620 3174 ex
639 3137 726 3193 opaco
748 3134 833 3194 specu
853 3119 915 3175 sons
934 3117 1048 3192 perenni
1067 3117 1175 3192 rigabat

210 3209 239 3253 as
247 3193 336 3267 aqud:
357 3193 411 3266 qud
424 3194 488 3267 quia
501 3213 530 3250 se
543 3211 665 3270 persepe
677 3195 772 3252 Numa
782 3195 841 3252 sine
852 3194 969 3262 arbitris,
980 3195 1053 3252 velut
1064 3196 1098 3252 ad
1108 3213 1174 3252 con·

245 3287 371 3346 gressum
382 3269 459 3342 Deae,
470 3270 614 3341 inserebat,
625 3272 768 3328 Camoenis
777 3291 841 3328 eum
849 3271 942 3330 lucum
953 3272 1070 3330 sacravit
1080 3290 1089 3337 3
1102 3267 1174 3343 qubd

242 3345 342 3404 earum
355 3346 393 3403 ibi
407 3346 527 3405 concilia
539 3367 603 3406 cum
616 3350 736 3425 conjuge
746 3350 797 3406 sud
807 3347 909 3422 Egerit
918 3359 1020 3407 essent.
1045 3347 1083 3404 Et
1095 3343 1174 3424 [scii]

247 3421 328 3480 Fidei
343 3423 458 3482 solenne
468 3424 602 3482 instituit:
615 3425 650 3482 ad
661 3426 689 3483 id
700 3426 850 3482 sacrarium
864 3424 988 3484 flamines
1002 3424 1081 3497 bigis,
1092 3441 1176 3482 curru

249 3511 369 3572 nouato,
382 3501 445 3566 vehi
455 3501 548 3577 jussit,
561 3521 699 3577 manuque
722 3503 756 3560 ad
770 3502 870 3577 digitos
882 3522 969 3577 usque
983 3501 1103 3559 involuta
1116 3519 1176 3558 reru

140 3633 147 3648 ‚
211 3574 369 3639 mdiriusm
392 3578 502 3647 ieamer
533 3580 724 3655 significantes
746 3580 830 3641 fidem
851 3581 1004 3644 tutandam,
1027 3578 1177 3651 sedemque

249 3652 311 3728 eju
322 3655 404 3713 etiarn
427 3656 457 3713 in
479 3656 583 3714 deruis
595 3669 731 3714 sacratarn
745 3675 815 3714 esse.
854 3657 946 3716 Multa
965 3655 1019 3711 elia
1041 3653 1178 3714 sacrificia

246 3729 364 3810 locaque
376 3733 461 3800 sacris
474 3733 619 3810 faciendis,
631 3753 693 3810 que
706 3735 814 3848 brgpos
826 3733 971 3822 pontificat
980 3742 1090 3812 locunt,
1102 3727 1178 3796 dedi·
