<?xml version="1.0" encoding="UTF-8"?>
<!DOCTYPE html PUBLIC "-//W3C//DTD XHTML 1.0 Transitional//EN"
    "http://www.w3.org/TR/xhtml1/DTD/xhtml1-transitional.dtd">
<html xmlns="http://www.w3.org/1999/xhtml" xml:lang="en" lang="en">
 <head>
  <title>
</title>
<meta http-equiv="Content-Type" content="text/html;charset=utf-8" />
  <meta name='ocr-system' content='tesseract 3.04.00' />
  <meta name='ocr-capabilities' content='ocr_page ocr_carea ocr_par ocr_line ocrx_word'/>
</head>
<body>
  <div class='ocr_page' id='page_1' title='image "./historiarumetse04livygoog_0136.png"; bbox 0 0 2638 4206; ppageno 0'>
   <div class='ocr_carea' id='block_1_1' title="bbox 541 323 1153 410">
    <p class='ocr_par' dir='ltr' id='par_1_1' title="bbox 541 323 1153 410">
     <span class='ocr_line' id='line_1_1' title="bbox 541 323 1153 410; baseline 0.018 -11"><span class='ocrx_word' id='word_1_1' title='bbox 541 323 642 399; x_wconf 69' lang='lat' dir='ltr'>LIBIlR</span> <span class='ocrx_word' id='word_1_2' title='bbox 658 345 687 398; x_wconf 80' lang='lat' dir='ltr'>v.</span> <span class='ocrx_word' id='word_1_3' title='bbox 706 361 766 399; x_wconf 75' lang='lat' dir='ltr'>cae.</span> <span class='ocrx_word' id='word_1_4' title='bbox 777 359 853 398; x_wconf 82' lang='lat' dir='ltr'>mr.</span> <span class='ocrx_word' id='word_1_5' title='bbox 1097 339 1153 410; x_wconf 84' lang='lat' dir='ltr'>ll7</span> 
     </span>
    </p>
   </div>
   <div class='ocr_carea' id='block_1_2' title="bbox 175 479 1158 1576">
    <p class='ocr_par' dir='ltr' id='par_1_2' title="bbox 180 479 1158 567">
     <span class='ocr_line' id='line_1_2' title="bbox 180 479 1158 567; baseline 0.004 -21"><span class='ocrx_word' id='word_1_6' title='bbox 180 479 183 511; x_wconf 73' lang='lat'><em>²</em></span> <span class='ocrx_word' id='word_1_7' title='bbox 219 479 264 547; x_wconf 74' lang='lat' dir='ltr'>vlt</span> <span class='ocrx_word' id='word_1_8' title='bbox 287 488 370 567; x_wconf 78' lang='lat' dir='ltr'>(quod</span> <span class='ocrx_word' id='word_1_9' title='bbox 393 485 502 566; x_wconf 88' lang='lat' dir='ltr'>quidem</span> <span class='ocrx_word' id='word_1_10' title='bbox 527 492 673 550; x_wconf 88' lang='lat' dir='ltr'>continens</span> <span class='ocrx_word' id='word_1_11' title='bbox 693 490 825 549; x_wconf 86' lang='lat' dir='ltr'>memoria</span> <span class='ocrx_word' id='word_1_12' title='bbox 843 489 888 562; x_wconf 89' lang='lat' dir='ltr'>sit,</span> <span class='ocrx_word' id='word_1_13' title='bbox 901 485 954 546; x_wconf 88' lang='lat' dir='ltr'>nisi</span> <span class='ocrx_word' id='word_1_14' title='bbox 967 489 1003 546; x_wconf 85' lang='lat' dir='ltr'>de</span> <span class='ocrx_word' id='word_1_15' title='bbox 1024 483 1158 550; x_wconf 85' lang='lat' dir='ltr'>Hercule¹</span> 
     </span>
    </p>

    <p class='ocr_par' dir='ltr' id='par_1_3' title="bbox 175 553 1147 648">
     <span class='ocr_line' id='line_1_3' title="bbox 175 553 1147 648; baseline 0.004 -24"><span class='ocrx_word' id='word_1_16' title='bbox 175 553 186 640; x_wconf 39' lang='grc' dir='ltr'>ᾗ·</span> <span class='ocrx_word' id='word_1_17' title='bbox 219 569 319 626; x_wconf 87' lang='lat' dir='ltr'>sabulis</span> <span class='ocrx_word' id='word_1_18' title='bbox 344 569 455 626; x_wconf 88' lang='lat' dir='ltr'>credere</span> <span class='ocrx_word' id='word_1_19' title='bbox 479 569 561 648; x_wconf 90' lang='lat' dir='ltr'>libet)</span> <span class='ocrx_word' id='word_1_20' title='bbox 583 581 731 644; x_wconf 86' lang='lat' dir='ltr'>superatas.</span> <span class='ocrx_word' id='word_1_21' title='bbox 793 567 837 625; x_wconf 91' lang='lat' dir='ltr'>Ibi</span> <span class='ocrx_word' id='word_1_22' title='bbox 857 587 942 642; x_wconf 89' lang='lat' dir='ltr'>quum</span> <span class='ocrx_word' id='word_1_23' title='bbox 963 568 1037 627; x_wconf 87' lang='lat' dir='ltr'>velut</span> <span class='ocrx_word' id='word_1_24' title='bbox 1056 580 1147 644; x_wconf 88' lang='lat' dir='ltr'>septos</span> 
     </span>
    </p>

    <p class='ocr_par' dir='ltr' id='par_1_4' title="bbox 175 643 1145 800">
     <span class='ocr_line' id='line_1_4' title="bbox 175 643 1145 721; baseline 0.002 -19"><span class='ocrx_word' id='word_1_25' title='bbox 175 643 177 668; x_wconf 79' lang='lat'>³</span> <span class='ocrx_word' id='word_1_26' title='bbox 218 647 350 704; x_wconf 89' lang='lat' dir='ltr'>montium</span> <span class='ocrx_word' id='word_1_27' title='bbox 364 647 478 705; x_wconf 87' lang='lat' dir='ltr'>altitudo</span> <span class='ocrx_word' id='word_1_28' title='bbox 492 659 597 704; x_wconf 88' lang='lat' dir='ltr'>teneret</span> <span class='ocrx_word' id='word_1_29' title='bbox 610 648 712 714; x_wconf 77' lang='lat' dir='ltr'><strong>Gallos,</strong></span> <span class='ocrx_word' id='word_1_30' title='bbox 734 647 1059 721; x_wconf 77' lang='lat' dir='ltr'>circumspectarentque,</span> <span class='ocrx_word' id='word_1_31' title='bbox 1079 648 1145 720; x_wconf 79' lang='lat' dir='ltr'>qud-</span> 
     </span>
     <span class='ocr_line' id='line_1_5' title="bbox 217 724 1145 800; baseline 0.004 -22"><span class='ocrx_word' id='word_1_32' title='bbox 217 741 281 779; x_wconf 90' lang='lat' dir='ltr'>nam</span> <span class='ocrx_word' id='word_1_33' title='bbox 293 743 341 799; x_wconf 89' lang='lat' dir='ltr'>per</span> <span class='ocrx_word' id='word_1_34' title='bbox 351 725 449 799; x_wconf 82' lang='lat' dir='ltr'>juncta</span> <span class='ocrx_word' id='word_1_35' title='bbox 463 725 532 782; x_wconf 87' lang='lat' dir='ltr'>coelo</span> <span class='ocrx_word' id='word_1_36' title='bbox 542 726 609 800; x_wconf 84' lang='lat' dir='ltr'>juga</span> <span class='ocrx_word' id='word_1_37' title='bbox 629 725 657 782; x_wconf 91' lang='lat' dir='ltr'>in</span> <span class='ocrx_word' id='word_1_38' title='bbox 681 725 765 782; x_wconf 86' lang='lat' dir='ltr'>alium</span> <span class='ocrx_word' id='word_1_39' title='bbox 785 724 878 781; x_wconf 90' lang='lat' dir='ltr'>orbem</span> <span class='ocrx_word' id='word_1_40' title='bbox 900 735 1032 780; x_wconf 88' lang='lat' dir='ltr'>terrarum</span> <span class='ocrx_word' id='word_1_41' title='bbox 1046 725 1145 782; x_wconf 86' lang='lat' dir='ltr'>transi·</span> 
     </span>
    </p>

    <p class='ocr_par' dir='ltr' id='par_1_5' title="bbox 181 801 1144 1189">
     <span class='ocr_line' id='line_1_6' title="bbox 181 801 1144 878; baseline 0.004 -22"><span class='ocrx_word' id='word_1_42' title='bbox 181 807 285 867; x_wconf 64' lang='lat' dir='ltr'>,trent</span> <span class='ocrx_word' id='word_1_43' title='bbox 307 801 403 876; x_wconf 84' lang='lat' dir='ltr'>religio</span> <span class='ocrx_word' id='word_1_44' title='bbox 423 803 506 860; x_wconf 91' lang='lat' dir='ltr'>etiam</span> <span class='ocrx_word' id='word_1_45' title='bbox 520 805 617 870; x_wconf 90' lang='lat' dir='ltr'>tenuit,</span> <span class='ocrx_word' id='word_1_46' title='bbox 642 804 714 878; x_wconf 86' lang='lat' dir='ltr'>qubd</span> <span class='ocrx_word' id='word_1_47' title='bbox 728 802 838 860; x_wconf 89' lang='lat' dir='ltr'>allatum</span> <span class='ocrx_word' id='word_1_48' title='bbox 859 813 909 869; x_wconf 89' lang='lat' dir='ltr'>est,</span> <span class='ocrx_word' id='word_1_49' title='bbox 931 803 1050 858; x_wconf 85' lang='lat' dir='ltr'>advenas</span> <span class='ocrx_word' id='word_1_50' title='bbox 1070 819 1144 876; x_wconf 82' lang='lat' dir='ltr'>quae·</span> 
     </span>
     <span class='ocr_line' id='line_1_7' title="bbox 214 879 1144 956; baseline 0.004 -22"><span class='ocrx_word' id='word_1_51' title='bbox 214 890 305 936; x_wconf 89' lang='lat' dir='ltr'>rentes</span> <span class='ocrx_word' id='word_1_52' title='bbox 326 899 421 954; x_wconf 87' lang='lat' dir='ltr'>agrurn</span> <span class='ocrx_word' id='word_1_53' title='bbox 442 882 477 936; x_wconf 91' lang='lat' dir='ltr'>ab</span> <span class='ocrx_word' id='word_1_54' title='bbox 497 881 609 954; x_wconf 82' lang='lat' dir='ltr'>Salyum</span> <span class='ocrx_word' id='word_1_55' title='bbox 636 892 719 956; x_wconf 88' lang='lat' dir='ltr'>gente</span> <span class='ocrx_word' id='word_1_56' title='bbox 739 881 899 956; x_wconf 86' lang='lat' dir='ltr'>oppugnari.</span> <span class='ocrx_word' id='word_1_57' title='bbox 953 879 1144 938; x_wconf 84' lang='lat' dir='ltr'>Massilienses</span> 
     </span>
     <span class='ocr_line' id='line_1_8' title="bbox 213 956 1142 1034; baseline 0.004 -23"><span class='ocrx_word' id='word_1_58' title='bbox 213 969 291 1013; x_wconf 89' lang='lat' dir='ltr'>erant</span> <span class='ocrx_word' id='word_1_59' title='bbox 305 957 343 1024; x_wconf 90' lang='lat' dir='ltr'>bi,</span> <span class='ocrx_word' id='word_1_60' title='bbox 358 959 473 1014; x_wconf 90' lang='lat' dir='ltr'>navibus</span> <span class='ocrx_word' id='word_1_61' title='bbox 486 977 502 1014; x_wconf 95' lang='lat' dir='ltr'>a</span> <span class='ocrx_word' id='word_1_62' title='bbox 515 959 633 1016; x_wconf 69' lang='lat' dir='ltr'>Phocaea</span> <span class='ocrx_word' id='word_1_63' title='bbox 654 959 776 1034; x_wconf 84' lang='lat' dir='ltr'>profecti.</span> <span class='ocrx_word' id='word_1_64' title='bbox 817 957 850 1013; x_wconf 90' lang='lat' dir='ltr'>ld</span> <span class='ocrx_word' id='word_1_65' title='bbox 864 956 936 1014; x_wconf 88' lang='lat' dir='ltr'>Galli</span> <span class='ocrx_word' id='word_1_66' title='bbox 950 957 1070 1014; x_wconf 76' lang='lat' dir='ltr'>fortunae</span> <span class='ocrx_word' id='word_1_67' title='bbox 1086 973 1142 1015; x_wconf 77' lang='lat' dir='ltr'>sure</span> 
     </span>
     <span class='ocr_line' id='line_1_9' title="bbox 212 1035 1142 1112; baseline 0.005 -23"><span class='ocrx_word' id='word_1_68' title='bbox 212 1052 294 1090; x_wconf 90' lang='lat' dir='ltr'>omen</span> <span class='ocrx_word' id='word_1_69' title='bbox 315 1035 375 1107; x_wconf 88' lang='lat' dir='ltr'>rati,</span> <span class='ocrx_word' id='word_1_70' title='bbox 397 1036 535 1112; x_wconf 71' lang='lat' dir='ltr'>adjuvere,</span> <span class='ocrx_word' id='word_1_71' title='bbox 563 1047 602 1108; x_wconf 89' lang='lat' dir='ltr'>ut,</span> <span class='ocrx_word' id='word_1_72' title='bbox 630 1056 711 1110; x_wconf 91' lang='lat' dir='ltr'>quem</span> <span class='ocrx_word' id='word_1_73' title='bbox 731 1037 850 1110; x_wconf 88' lang='lat' dir='ltr'>primum</span> <span class='ocrx_word' id='word_1_74' title='bbox 869 1035 898 1091; x_wconf 88' lang='lat' dir='ltr'>in</span> <span class='ocrx_word' id='word_1_75' title='bbox 919 1045 1018 1092; x_wconf 89' lang='lat' dir='ltr'>terram</span> <span class='ocrx_word' id='word_1_76' title='bbox 1039 1039 1142 1111; x_wconf 80' lang='lat' dir='ltr'>egressi</span> 
     </span>
     <span class='ocr_line' id='line_1_10' title="bbox 212 1113 1142 1189; baseline 0.005 -23"><span class='ocrx_word' id='word_1_77' title='bbox 212 1124 423 1184; x_wconf 88' lang='lat' dir='ltr'>occupaverant,</span> <span class='ocrx_word' id='word_1_78' title='bbox 444 1115 535 1171; x_wconf 93' lang='lat' dir='ltr'>locum</span> <span class='ocrx_word' id='word_1_79' title='bbox 559 1114 714 1189; x_wconf 88' lang='lat' dir='ltr'>patentibus</span> <span class='ocrx_word' id='word_1_80' title='bbox 736 1113 810 1171; x_wconf 83' lang='lat' dir='ltr'>silvis</span> <span class='ocrx_word' id='word_1_81' title='bbox 833 1113 1043 1171; x_wconf 82' lang='lat' dir='ltr'>communirent.</span> <span class='ocrx_word' id='word_1_82' title='bbox 1084 1114 1142 1188; x_wconf 85' lang='lat' dir='ltr'>Ipsi</span> 
     </span>
    </p>

    <p class='ocr_par' dir='ltr' id='par_1_6' title="bbox 181 1189 1143 1576">
     <span class='ocr_line' id='line_1_11' title="bbox 181 1189 1143 1266; baseline 0.009 -27"><span class='ocrx_word' id='word_1_83' title='bbox 181 1201 204 1240; x_wconf 87' lang='lat' dir='ltr'>ro</span> <span class='ocrx_word' id='word_1_84' title='bbox 213 1207 261 1262; x_wconf 88' lang='lat' dir='ltr'>per</span> <span class='ocrx_word' id='word_1_85' title='bbox 275 1189 414 1249; x_wconf 87' lang='lat' dir='ltr'>Taurinos</span> <span class='ocrx_word' id='word_1_86' title='bbox 428 1193 565 1266; x_wconf 88' lang='lat' dir='ltr'>saltusque</span> <span class='ocrx_word' id='word_1_87' title='bbox 579 1193 666 1248; x_wconf 89' lang='lat' dir='ltr'>invios</span> <span class='ocrx_word' id='word_1_88' title='bbox 684 1193 770 1266; x_wconf 88' lang='lat' dir='ltr'>Alpes</span> <span class='ocrx_word' id='word_1_89' title='bbox 783 1192 1032 1248; x_wconf 88' lang='lat' dir='ltr'>transcenderunt:</span> <span class='ocrx_word' id='word_1_90' title='bbox 1063 1191 1143 1248; x_wconf 89' lang='lat' dir='ltr'>fusis·</span> 
     </span>
     <span class='ocr_line' id='line_1_12' title="bbox 211 1268 1141 1344; baseline 0.006 -24"><span class='ocrx_word' id='word_1_91' title='bbox 211 1285 264 1339; x_wconf 88' lang='lat' dir='ltr'>que</span> <span class='ocrx_word' id='word_1_92' title='bbox 279 1268 339 1324; x_wconf 87' lang='lat' dir='ltr'>acie</span> <span class='ocrx_word' id='word_1_93' title='bbox 352 1268 455 1326; x_wconf 84' lang='lat' dir='ltr'>Tuscis</span> <span class='ocrx_word' id='word_1_94' title='bbox 469 1271 542 1325; x_wconf 92' lang='lat' dir='ltr'>haud</span> <span class='ocrx_word' id='word_1_95' title='bbox 565 1270 658 1343; x_wconf 88' lang='lat' dir='ltr'>procul</span> <span class='ocrx_word' id='word_1_96' title='bbox 678 1269 781 1326; x_wconf 89' lang='lat' dir='ltr'>Ticino</span> <span class='ocrx_word' id='word_1_97' title='bbox 794 1269 916 1338; x_wconf 89' lang='lat' dir='ltr'>flumine,</span> <span class='ocrx_word' id='word_1_98' title='bbox 930 1288 1024 1342; x_wconf 93' lang='lat' dir='ltr'>quum,</span> <span class='ocrx_word' id='word_1_99' title='bbox 1046 1270 1073 1324; x_wconf 90' lang='lat' dir='ltr'>in</span> <span class='ocrx_word' id='word_1_100' title='bbox 1087 1289 1141 1344; x_wconf 92' lang='lat' dir='ltr'>quo</span> 
     </span>
     <span class='ocr_line' id='line_1_13' title="bbox 211 1345 1141 1422; baseline 0.006 -24"><span class='ocrx_word' id='word_1_101' title='bbox 211 1345 403 1420; x_wconf 81' lang='lat' dir='ltr'>consederant,</span> <span class='ocrx_word' id='word_1_102' title='bbox 426 1366 521 1420; x_wconf 87' lang='lat' dir='ltr'>agrum</span> <span class='ocrx_word' id='word_1_103' title='bbox 546 1347 703 1403; x_wconf 85' lang='lat' dir='ltr'>Insubrium</span> <span class='ocrx_word' id='word_1_104' title='bbox 724 1347 853 1422; x_wconf 87' lang='lat' dir='ltr'>appellari</span> <span class='ocrx_word' id='word_1_105' title='bbox 877 1348 1026 1411; x_wconf 80' lang='lat' dir='ltr'>audissent,</span> <span class='ocrx_word' id='word_1_106' title='bbox 1041 1366 1141 1421; x_wconf 88' lang='lat' dir='ltr'>cogno-</span> 
     </span>
     <span class='ocr_line' id='line_1_14' title="bbox 210 1421 1140 1500; baseline 0.004 -24"><span class='ocrx_word' id='word_1_107' title='bbox 210 1421 285 1476; x_wconf 88' lang='lat' dir='ltr'>mine</span> <span class='ocrx_word' id='word_1_108' title='bbox 316 1421 478 1479; x_wconf 86' lang='lat' dir='ltr'>Insubribus</span> <span class='ocrx_word' id='word_1_109' title='bbox 504 1443 574 1500; x_wconf 89' lang='lat' dir='ltr'>pago</span> <span class='ocrx_word' id='word_1_110' title='bbox 602 1425 777 1493; x_wconf 71' lang='lat' dir='ltr'>diductum,</span> <span class='ocrx_word' id='word_1_111' title='bbox 810 1425 857 1495; x_wconf 90' lang='lat' dir='ltr'>ibi,</span> <span class='ocrx_word' id='word_1_112' title='bbox 884 1443 966 1480; x_wconf 92' lang='lat' dir='ltr'>omen</span> <span class='ocrx_word' id='word_1_113' title='bbox 994 1436 1140 1498; x_wconf 87' lang='lat' dir='ltr'>sequentes</span> 
     </span>
     <span class='ocr_line' id='line_1_15' title="bbox 209 1497 966 1576; baseline 0.007 -23"><span class='ocrx_word' id='word_1_114' title='bbox 209 1497 272 1568; x_wconf 90' lang='lat' dir='ltr'>loci,</span> <span class='ocrx_word' id='word_1_115' title='bbox 288 1501 439 1557; x_wconf 70' lang='lat' dir='ltr'>condidere</span> <span class='ocrx_word' id='word_1_116' title='bbox 453 1502 566 1558; x_wconf 89' lang='lat' dir='ltr'>urbem:</span> <span class='ocrx_word' id='word_1_117' title='bbox 585 1501 774 1559; x_wconf 87' lang='lat' dir='ltr'>Mediolanum</span> <span class='ocrx_word' id='word_1_118' title='bbox 789 1503 966 1576; x_wconf 70' lang='lat' dir='ltr'>appelldrunt.</span> 
     </span>
    </p>
   </div>
   <div class='ocr_carea' id='block_1_3' title="bbox 158 1654 1154 3754">
    <p class='ocr_par' dir='ltr' id='par_1_7' title="bbox 177 1654 1137 2044">
     <span class='ocr_line' id='line_1_16' title="bbox 177 1654 1137 1725; baseline 0.009 -17"><span class='ocrx_word' id='word_1_119' title='bbox 177 1666 200 1709; x_wconf 80' lang='lat'>15</span> <span class='ocrx_word' id='word_1_120' title='bbox 231 1654 370 1713; x_wconf 89' lang='lat' dir='ltr'><strong>&#39;XXXV.</strong></span> <span class='ocrx_word' id='word_1_121' title='bbox 404 1657 469 1714; x_wconf 90' lang='lat' dir='ltr'>Alia</span> <span class='ocrx_word' id='word_1_122' title='bbox 494 1658 611 1716; x_wconf 88' lang='lat' dir='ltr'>subinde</span> <span class='ocrx_word' id='word_1_123' title='bbox 637 1677 735 1715; x_wconf 91' lang='lat' dir='ltr'>manus</span> <span class='ocrx_word' id='word_1_124' title='bbox 761 1659 992 1725; x_wconf 84' lang='lat' dir='ltr'>Cenomanorum,</span> <span class='ocrx_word' id='word_1_125' title='bbox 1020 1658 1137 1717; x_wconf 88' lang='lat' dir='ltr'>Elitorio</span> 
     </span>
     <span class='ocr_line' id='line_1_17' title="bbox 206 1733 1137 1810; baseline 0.006 -22"><span class='ocrx_word' id='word_1_126' title='bbox 206 1733 286 1803; x_wconf 91' lang='lat' dir='ltr'>duce,</span> <span class='ocrx_word' id='word_1_127' title='bbox 304 1735 416 1810; x_wconf 90' lang='lat' dir='ltr'>vestigia</span> <span class='ocrx_word' id='word_1_128' title='bbox 430 1737 548 1810; x_wconf 85' lang='lat' dir='ltr'>priorum</span> <span class='ocrx_word' id='word_1_129' title='bbox 563 1747 670 1808; x_wconf 87' lang='lat' dir='ltr'>secuta,</span> <span class='ocrx_word' id='word_1_130' title='bbox 684 1737 781 1792; x_wconf 91' lang='lat' dir='ltr'>eodem</span> <span class='ocrx_word' id='word_1_131' title='bbox 797 1737 875 1805; x_wconf 90' lang='lat' dir='ltr'>saltu,</span> <span class='ocrx_word' id='word_1_132' title='bbox 891 1738 998 1800; x_wconf 83' lang='lat' dir='ltr'>favente</span> <span class='ocrx_word' id='word_1_133' title='bbox 1014 1737 1137 1794; x_wconf 72' lang='lat' dir='ltr'>ltellove·</span> 
     </span>
     <span class='ocr_line' id='line_1_18' title="bbox 205 1813 1136 1888; baseline 0.008 -23"><span class='ocrx_word' id='word_1_134' title='bbox 205 1828 244 1883; x_wconf 91' lang='lat' dir='ltr'>so,</span> <span class='ocrx_word' id='word_1_135' title='bbox 259 1831 342 1884; x_wconf 90' lang='lat' dir='ltr'>quum</span> <span class='ocrx_word' id='word_1_136' title='bbox 358 1815 571 1878; x_wconf 87' lang='lat' dir='ltr'>transcendisset</span> <span class='ocrx_word' id='word_1_137' title='bbox 590 1815 684 1888; x_wconf 82' lang='lat' dir='ltr'>Alpes,</span> <span class='ocrx_word' id='word_1_138' title='bbox 708 1813 755 1870; x_wconf 90' lang='lat' dir='ltr'>ubi</span> <span class='ocrx_word' id='word_1_139' title='bbox 776 1833 852 1870; x_wconf 88' lang='lat' dir='ltr'>nunc</span> <span class='ocrx_word' id='word_1_140' title='bbox 866 1813 958 1870; x_wconf 82' lang='lat' dir='ltr'>Brixia</span> <span class='ocrx_word' id='word_1_141' title='bbox 971 1833 1004 1870; x_wconf 91' lang='lat' dir='ltr'>ac</span> <span class='ocrx_word' id='word_1_142' title='bbox 1025 1815 1136 1872; x_wconf 85' lang='lat' dir='ltr'>Verona</span> 
     </span>
     <span class='ocr_line' id='line_1_19' title="bbox 205 1889 1136 1968; baseline 0.004 -26"><span class='ocrx_word' id='word_1_143' title='bbox 205 1889 288 1943; x_wconf 91' lang='lat' dir='ltr'>urbes</span> <span class='ocrx_word' id='word_1_144' title='bbox 302 1900 365 1945; x_wconf 90' lang='lat' dir='ltr'>sunt</span> <span class='ocrx_word' id='word_1_145' title='bbox 380 1891 467 1963; x_wconf 88' lang='lat' dir='ltr'>(locos</span> <span class='ocrx_word' id='word_1_146' title='bbox 481 1892 596 1948; x_wconf 68' lang='lat' dir='ltr'>tenuere</span> <span class='ocrx_word' id='word_1_147' title='bbox 610 1892 715 1968; x_wconf 90' lang='lat' dir='ltr'>Libui),</span> <span class='ocrx_word' id='word_1_148' title='bbox 740 1892 895 1948; x_wconf 88' lang='lat' dir='ltr'>considunt.</span> <span class='ocrx_word' id='word_1_149' title='bbox 936 1891 999 1948; x_wconf 92' lang='lat' dir='ltr'>Post</span> <span class='ocrx_word' id='word_1_150' title='bbox 1014 1892 1063 1946; x_wconf 91' lang='lat' dir='ltr'>bos</span> <span class='ocrx_word' id='word_1_151' title='bbox 1076 1893 1136 1947; x_wconf 88' lang='lat' dir='ltr'>Sal-</span> 
     </span>
     <span class='ocr_line' id='line_1_20' title="bbox 204 1962 1134 2044; baseline 0.003 -25"><span class='ocrx_word' id='word_1_152' title='bbox 204 1964 281 2031; x_wconf 86' lang='lat' dir='ltr'>luvii,</span> <span class='ocrx_word' id='word_1_153' title='bbox 296 1985 379 2039; x_wconf 84' lang='lat' dir='ltr'>prope</span> <span class='ocrx_word' id='word_1_154' title='bbox 392 1969 530 2040; x_wconf 88' lang='lat' dir='ltr'>antiquam</span> <span class='ocrx_word' id='word_1_155' title='bbox 544 1962 654 2043; x_wconf 79' lang='lat' dir='ltr'>gentem</span> <span class='ocrx_word' id='word_1_156' title='bbox 670 1970 765 2032; x_wconf 82' lang='lat' dir='ltr'>Laevos</span> <span class='ocrx_word' id='word_1_157' title='bbox 777 1969 901 2044; x_wconf 81' lang='lat' dir='ltr'>Ligures,</span> <span class='ocrx_word' id='word_1_158' title='bbox 916 1969 1069 2024; x_wconf 90' lang='lat' dir='ltr'>incolentes</span> <span class='ocrx_word' id='word_1_159' title='bbox 1083 1969 1134 2023; x_wconf 88' lang='lat' dir='ltr'>cir·</span> 
     </span>
    </p>

    <p class='ocr_par' dir='ltr' id='par_1_8' title="bbox 170 2041 1134 2422">
     <span class='ocr_line' id='line_1_21' title="bbox 170 2041 1134 2118; baseline 0.004 -22"><span class='ocrx_word' id='word_1_160' title='bbox 170 2057 239 2097; x_wconf 77' lang='lat' dir='ltr'>soca</span> <span class='ocrx_word' id='word_1_161' title='bbox 260 2041 392 2098; x_wconf 89' lang='lat' dir='ltr'>Ticinum</span> <span class='ocrx_word' id='word_1_162' title='bbox 413 2063 531 2100; x_wconf 89' lang='lat' dir='ltr'>amnem.</span> <span class='ocrx_word' id='word_1_163' title='bbox 591 2045 707 2104; x_wconf 81' lang='lat' dir='ltr'>Penino.</span> <span class='ocrx_word' id='word_1_164' title='bbox 724 2047 824 2101; x_wconf 88' lang='lat' dir='ltr'>deinde</span> <span class='ocrx_word' id='word_1_165' title='bbox 852 2046 911 2101; x_wconf 94' lang='lat' dir='ltr'>Boii</span> <span class='ocrx_word' id='word_1_166' title='bbox 940 2045 1134 2118; x_wconf 83' lang='lat' dir='ltr'>Lingonesque</span> 
     </span>
     <span class='ocr_line' id='line_1_22' title="bbox 204 2117 1134 2196; baseline 0.006 -23"><span class='ocrx_word' id='word_1_167' title='bbox 204 2121 377 2194; x_wconf 80' lang='lat' dir='ltr'>transgressi,</span> <span class='ocrx_word' id='word_1_168' title='bbox 391 2139 475 2194; x_wconf 92' lang='lat' dir='ltr'>quum</span> <span class='ocrx_word' id='word_1_169' title='bbox 487 2121 543 2196; x_wconf 87' lang='lat' dir='ltr'>jam</span> <span class='ocrx_word' id='word_1_170' title='bbox 558 2123 628 2179; x_wconf 85' lang='lat' dir='ltr'>inter</span> <span class='ocrx_word' id='word_1_171' title='bbox 641 2117 747 2178; x_wconf 88' lang='lat' dir='ltr'>Paduin</span> <span class='ocrx_word' id='word_1_172' title='bbox 759 2131 838 2196; x_wconf 90' lang='lat' dir='ltr'>atque</span> <span class='ocrx_word' id='word_1_173' title='bbox 853 2122 938 2196; x_wconf 82' lang='lat' dir='ltr'>Alpes</span> <span class='ocrx_word' id='word_1_174' title='bbox 951 2122 1043 2179; x_wconf 92' lang='lat' dir='ltr'>omnia</span> <span class='ocrx_word' id='word_1_175' title='bbox 1057 2135 1134 2179; x_wconf 82' lang='lat' dir='ltr'>tene-</span> 
     </span>
     <span class='ocr_line' id='line_1_23' title="bbox 202 2198 1132 2273; baseline 0.006 -21"><span class='ocrx_word' id='word_1_176' title='bbox 202 2210 306 2267; x_wconf 89' lang='lat' dir='ltr'>rentur,</span> <span class='ocrx_word' id='word_1_177' title='bbox 322 2198 397 2254; x_wconf 91' lang='lat' dir='ltr'>Pado</span> <span class='ocrx_word' id='word_1_178' title='bbox 410 2199 513 2254; x_wconf 87' lang='lat' dir='ltr'>ratibus</span> <span class='ocrx_word' id='word_1_179' title='bbox 527 2199 649 2273; x_wconf 89' lang='lat' dir='ltr'>trajecto,</span> <span class='ocrx_word' id='word_1_180' title='bbox 664 2217 719 2255; x_wconf 90' lang='lat' dir='ltr'>non</span> <span class='ocrx_word' id='word_1_181' title='bbox 733 2199 864 2255; x_wconf 89' lang='lat' dir='ltr'>Etruscos</span> <span class='ocrx_word' id='word_1_182' title='bbox 881 2201 971 2264; x_wconf 86' lang='lat' dir='ltr'>modb,</span> <span class='ocrx_word' id='word_1_183' title='bbox 986 2201 1132 2258; x_wconf 87' lang='lat' dir='ltr'>sedetiam</span> 
     </span>
     <span class='ocr_line' id='line_1_24' title="bbox 201 2275 1131 2351; baseline 0.002 -21"><span class='ocrx_word' id='word_1_184' title='bbox 201 2275 328 2345; x_wconf 91' lang='lat' dir='ltr'>Umbros,</span> <span class='ocrx_word' id='word_1_185' title='bbox 343 2293 408 2351; x_wconf 88' lang='lat' dir='ltr'>agro</span> <span class='ocrx_word' id='word_1_186' title='bbox 422 2275 545 2351; x_wconf 89' lang='lat' dir='ltr'>pellunt:</span> <span class='ocrx_word' id='word_1_187' title='bbox 579 2277 650 2332; x_wconf 85' lang='lat' dir='ltr'>intra</span> <span class='ocrx_word' id='word_1_188' title='bbox 670 2277 849 2351; x_wconf 89' lang='lat' dir='ltr'>Apenninum</span> <span class='ocrx_word' id='word_1_189' title='bbox 873 2288 964 2332; x_wconf 91' lang='lat' dir='ltr'>tamen</span> <span class='ocrx_word' id='word_1_190' title='bbox 979 2295 1039 2332; x_wconf 88' lang='lat' dir='ltr'>sese</span> <span class='ocrx_word' id='word_1_191' title='bbox 1053 2289 1131 2332; x_wconf 90' lang='lat' dir='ltr'>tenu-</span> 
     </span>
     <span class='ocr_line' id='line_1_25' title="bbox 201 2351 1130 2422; baseline 0.003 -15"><span class='ocrx_word' id='word_1_192' title='bbox 201 2351 256 2408; x_wconf 72' lang='lat' dir='ltr'>dre.</span> <span class='ocrx_word' id='word_1_193' title='bbox 298 2353 373 2410; x_wconf 91' lang='lat' dir='ltr'>Tum</span> <span class='ocrx_word' id='word_1_194' title='bbox 401 2355 532 2422; x_wconf 84' lang='lat' dir='ltr'>Senones,</span> <span class='ocrx_word' id='word_1_195' title='bbox 560 2354 742 2411; x_wconf 87' lang='lat' dir='ltr'>recentissimi</span> <span class='ocrx_word' id='word_1_196' title='bbox 768 2353 943 2420; x_wconf 86' lang='lat' dir='ltr'>advenarum,</span> <span class='ocrx_word' id='word_1_197' title='bbox 968 2355 1002 2409; x_wconf 88' lang='lat' dir='ltr'>ab</span> <span class='ocrx_word' id='word_1_198' title='bbox 1029 2353 1130 2410; x_wconf 88' lang='lat' dir='ltr'>Utente</span> 
     </span>
    </p>

    <p class='ocr_par' dir='ltr' id='par_1_9' title="bbox 167 2429 1131 2818">
     <span class='ocr_line' id='line_1_26' title="bbox 167 2429 1131 2506; baseline 0.004 -23"><span class='ocrx_word' id='word_1_199' title='bbox 167 2429 313 2486; x_wconf 80' lang='lat' dir='ltr'>asflumine</span> <span class='ocrx_word' id='word_1_200' title='bbox 328 2449 413 2505; x_wconf 90' lang='lat' dir='ltr'>usque</span> <span class='ocrx_word' id='word_1_201' title='bbox 428 2433 462 2488; x_wconf 92' lang='lat' dir='ltr'>ad</span> <span class='ocrx_word' id='word_1_202' title='bbox 483 2431 572 2488; x_wconf 86' lang='lat' dir='ltr'>AEsim</span> <span class='ocrx_word' id='word_1_203' title='bbox 587 2433 656 2488; x_wconf 90' lang='lat' dir='ltr'>fines</span> <span class='ocrx_word' id='word_1_204' title='bbox 669 2433 797 2488; x_wconf 73' lang='lat' dir='ltr'>habuere.</span> <span class='ocrx_word' id='word_1_205' title='bbox 838 2431 921 2488; x_wconf 89' lang='lat' dir='ltr'>Hanc</span> <span class='ocrx_word' id='word_1_206' title='bbox 938 2443 1048 2506; x_wconf 85' lang='lat' dir='ltr'>gentem</span> <span class='ocrx_word' id='word_1_207' title='bbox 1064 2431 1131 2497; x_wconf 85' lang='lat' dir='ltr'>Clu·</span> 
     </span>
     <span class='ocr_line' id='line_1_27' title="bbox 200 2508 1128 2584; baseline 0.004 -22"><span class='ocrx_word' id='word_1_208' title='bbox 200 2508 280 2579; x_wconf 88' lang='lat' dir='ltr'>sium,</span> <span class='ocrx_word' id='word_1_209' title='bbox 296 2509 469 2583; x_wconf 87' lang='lat' dir='ltr'>Romamque</span> <span class='ocrx_word' id='word_1_210' title='bbox 484 2510 557 2576; x_wconf 87' lang='lat' dir='ltr'>inde,</span> <span class='ocrx_word' id='word_1_211' title='bbox 573 2510 680 2566; x_wconf 89' lang='lat' dir='ltr'>venisse</span> <span class='ocrx_word' id='word_1_212' title='bbox 696 2509 852 2584; x_wconf 90' lang='lat' dir='ltr'>comperio:</span> <span class='ocrx_word' id='word_1_213' title='bbox 872 2509 900 2565; x_wconf 93' lang='lat' dir='ltr'>id</span> <span class='ocrx_word' id='word_1_214' title='bbox 913 2529 1008 2583; x_wconf 90' lang='lat' dir='ltr'>parurn</span> <span class='ocrx_word' id='word_1_215' title='bbox 1023 2521 1128 2567; x_wconf 86' lang='lat' dir='ltr'>certum</span> 
     </span>
     <span class='ocr_line' id='line_1_28' title="bbox 199 2587 1129 2662; baseline 0.004 -22"><span class='ocrx_word' id='word_1_216' title='bbox 199 2595 250 2656; x_wconf 89' lang='lat' dir='ltr'>est,</span> <span class='ocrx_word' id='word_1_217' title='bbox 265 2587 396 2653; x_wconf 90' lang='lat' dir='ltr'>solamne,</span> <span class='ocrx_word' id='word_1_218' title='bbox 411 2607 446 2644; x_wconf 94' lang='lat' dir='ltr'>an</span> <span class='ocrx_word' id='word_1_219' title='bbox 461 2587 495 2642; x_wconf 89' lang='lat' dir='ltr'>ab</span> <span class='ocrx_word' id='word_1_220' title='bbox 509 2589 637 2644; x_wconf 87' lang='lat' dir='ltr'>omnibus</span> <span class='ocrx_word' id='word_1_221' title='bbox 651 2587 853 2662; x_wconf 86' lang='lat' dir='ltr'>Cisalpinorum</span> <span class='ocrx_word' id='word_1_222' title='bbox 866 2588 1007 2643; x_wconf 89' lang='lat' dir='ltr'>Gallorum</span> <span class='ocrx_word' id='word_1_223' title='bbox 1020 2588 1129 2662; x_wconf 89' lang='lat' dir='ltr'>populis</span> 
     </span>
     <span class='ocr_line' id='line_1_29' title="bbox 199 2663 1127 2738; baseline 0.004 -20"><span class='ocrx_word' id='word_1_224' title='bbox 199 2663 329 2738; x_wconf 87' lang='lat' dir='ltr'>adjutam.</span> <span class='ocrx_word' id='word_1_225' title='bbox 371 2665 488 2730; x_wconf 87' lang='lat' dir='ltr'>Clusini,</span> <span class='ocrx_word' id='word_1_226' title='bbox 503 2685 573 2724; x_wconf 85' lang='lat' dir='ltr'>novo</span> <span class='ocrx_word' id='word_1_227' title='bbox 587 2665 659 2722; x_wconf 91' lang='lat' dir='ltr'>bello</span> <span class='ocrx_word' id='word_1_228' title='bbox 672 2665 801 2734; x_wconf 86' lang='lat' dir='ltr'>exterriti,</span> <span class='ocrx_word' id='word_1_229' title='bbox 815 2684 899 2738; x_wconf 90' lang='lat' dir='ltr'>quum</span> <span class='ocrx_word' id='word_1_230' title='bbox 914 2666 1127 2733; x_wconf 87' lang='lat' dir='ltr'>multitudinem,</span> 
     </span>
     <span class='ocr_line' id='line_1_30' title="bbox 197 2742 1130 2818; baseline 0.003 -22"><span class='ocrx_word' id='word_1_231' title='bbox 197 2754 281 2813; x_wconf 89' lang='lat' dir='ltr'>quum</span> <span class='ocrx_word' id='word_1_232' title='bbox 297 2742 396 2798; x_wconf 84' lang='lat' dir='ltr'>formas</span> <span class='ocrx_word' id='word_1_233' title='bbox 409 2743 550 2798; x_wconf 90' lang='lat' dir='ltr'>hominurn</span> <span class='ocrx_word' id='word_1_234' title='bbox 566 2743 716 2800; x_wconf 83' lang='lat' dir='ltr'>invisitatas</span> <span class='ocrx_word' id='word_1_235' title='bbox 730 2757 882 2813; x_wconf 88' lang='lat' dir='ltr'>cernerent,</span> <span class='ocrx_word' id='word_1_236' title='bbox 897 2754 925 2799; x_wconf 89' lang='lat' dir='ltr'>et</span> <span class='ocrx_word' id='word_1_237' title='bbox 937 2763 1025 2818; x_wconf 91' lang='lat' dir='ltr'>genus</span> <span class='ocrx_word' id='word_1_238' title='bbox 1040 2762 1130 2799; x_wconf 76' lang='lat' dir='ltr'>armo·</span> 
     </span>
    </p>

    <p class='ocr_par' dir='ltr' id='par_1_10' title="bbox 175 2813 1154 2896">
     <span class='ocr_line' id='line_1_31' title="bbox 175 2813 1154 2896; baseline 0.008 -24"><span class='ocrx_word' id='word_1_239' title='bbox 175 2813 178 2827; x_wconf 89' lang='lat'>&#39;</span> <span class='ocrx_word' id='word_1_240' title='bbox 197 2836 278 2884; x_wconf 87' lang='lat' dir='ltr'>rum;</span> <span class='ocrx_word' id='word_1_241' title='bbox 308 2819 496 2892; x_wconf 86' lang='lat' dir='ltr'>audirentque,</span> <span class='ocrx_word' id='word_1_242' title='bbox 511 2839 583 2896; x_wconf 81' lang='lat' dir='ltr'>saepe</span> <span class='ocrx_word' id='word_1_243' title='bbox 603 2821 638 2878; x_wconf 89' lang='lat' dir='ltr'>ab</span> <span class='ocrx_word' id='word_1_244' title='bbox 657 2821 700 2887; x_wconf 88' lang='lat' dir='ltr'>iis,</span> <span class='ocrx_word' id='word_1_245' title='bbox 715 2821 755 2876; x_wconf 91' lang='lat' dir='ltr'>cis</span> <span class='ocrx_word' id='word_1_246' title='bbox 769 2820 873 2876; x_wconf 89' lang='lat' dir='ltr'>Padurn</span> <span class='ocrx_word' id='word_1_247' title='bbox 888 2821 1020 2894; x_wconf 87' lang='lat' dir='ltr'>ultraque,</span> <span class='ocrx_word' id='word_1_248' title='bbox 1041 2820 1127 2893; x_wconf 72' lang='lat' dir='ltr'>legio‹</span> <span class='ocrx_word' id='word_1_249' title='bbox 1148 2819 1154 2880; x_wconf 76' lang='grc' dir='ltr'>ἶ.</span> 
     </span>
    </p>

    <p class='ocr_par' dir='ltr' id='par_1_11' title="bbox 163 2895 1153 3284">
     <span class='ocr_line' id='line_1_32' title="bbox 163 2895 1153 2972; baseline 0.002 -21"><span class='ocrx_word' id='word_1_250' title='bbox 163 2910 247 2952; x_wconf 83' lang='lat' dir='ltr'>sones</span> <span class='ocrx_word' id='word_1_251' title='bbox 261 2895 438 2953; x_wconf 87' lang='lat' dir='ltr'>Etruscorum</span> <span class='ocrx_word' id='word_1_252' title='bbox 453 2896 535 2968; x_wconf 88' lang='lat' dir='ltr'>fusas,</span> <span class='ocrx_word' id='word_1_253' title='bbox 549 2917 711 2972; x_wconf 88' lang='lat' dir='ltr'>quamquam</span> <span class='ocrx_word' id='word_1_254' title='bbox 721 2898 850 2954; x_wconf 82' lang='lat' dir='ltr'>adversus</span> <span class='ocrx_word' id='word_1_255' title='bbox 863 2897 1005 2954; x_wconf 88' lang='lat' dir='ltr'>Romanos</span> <span class='ocrx_word' id='word_1_256' title='bbox 1018 2897 1125 2953; x_wconf 91' lang='lat' dir='ltr'>nullum</span> <span class='ocrx_word' id='word_1_257' title='bbox 1148 2895 1153 2942; x_wconf 74' lang='lat'>31</span> 
     </span>
     <span class='ocr_line' id='line_1_33' title="bbox 195 2973 1152 3050; baseline 0.001 -20"><span class='ocrx_word' id='word_1_258' title='bbox 195 2974 235 3030; x_wconf 87' lang='lat' dir='ltr'>eis</span> <span class='ocrx_word' id='word_1_259' title='bbox 248 2974 294 3049; x_wconf 85' lang='lat' dir='ltr'>jus</span> <span class='ocrx_word' id='word_1_260' title='bbox 315 2973 453 3031; x_wconf 91' lang='lat' dir='ltr'>societatis</span> <span class='ocrx_word' id='word_1_261' title='bbox 476 2975 637 3032; x_wconf 79' lang='lat' dir='ltr'>amicitiaeve</span> <span class='ocrx_word' id='word_1_262' title='bbox 658 2985 726 3041; x_wconf 91' lang='lat' dir='ltr'>erat,</span> <span class='ocrx_word' id='word_1_263' title='bbox 747 2976 799 3032; x_wconf 90' lang='lat' dir='ltr'>nisi</span> <span class='ocrx_word' id='word_1_264' title='bbox 819 2975 892 3050; x_wconf 86' lang='lat' dir='ltr'>qubd</span> <span class='ocrx_word' id='word_1_265' title='bbox 915 2975 1044 3048; x_wconf 84' lang='lat' dir='ltr'>Vejentes</span> <span class='ocrx_word' id='word_1_266' title='bbox 1058 2979 1152 3041; x_wconf 38' lang='lat' dir='ltr'>cod-&#39;3&#39;</span> 
     </span>
     <span class='ocr_line' id='line_1_34' title="bbox 194 3051 1150 3128; baseline 0.002 -20"><span class='ocrx_word' id='word_1_267' title='bbox 194 3053 361 3127; x_wconf 89' lang='lat' dir='ltr'>sanguineos</span> <span class='ocrx_word' id='word_1_268' title='bbox 381 3054 510 3109; x_wconf 87' lang='lat' dir='ltr'>adversus</span> <span class='ocrx_word' id='word_1_269' title='bbox 530 3054 659 3128; x_wconf 93' lang='lat' dir='ltr'>populum</span> <span class='ocrx_word' id='word_1_270' title='bbox 679 3054 838 3110; x_wconf 87' lang='lat' dir='ltr'>Romanum</span> <span class='ocrx_word' id='word_1_271' title='bbox 852 3071 907 3110; x_wconf 91' lang='lat' dir='ltr'>non</span> <span class='ocrx_word' id='word_1_272' title='bbox 925 3051 1122 3124; x_wconf 83' lang='lat' dir='ltr'>defendissent,</span> <span class='ocrx_word' id='word_1_273' title='bbox 1146 3051 1150 3119; x_wconf 35' lang='lat'>³,</span> 
     </span>
     <span class='ocr_line' id='line_1_35' title="bbox 193 3129 1152 3204; baseline 0.005 -20"><span class='ocrx_word' id='word_1_274' title='bbox 193 3129 298 3204; x_wconf 87' lang='lat' dir='ltr'>legatos</span> <span class='ocrx_word' id='word_1_275' title='bbox 317 3131 447 3202; x_wconf 89' lang='lat' dir='ltr'>Romam,</span> <span class='ocrx_word' id='word_1_276' title='bbox 468 3131 514 3204; x_wconf 90' lang='lat' dir='ltr'>qui</span> <span class='ocrx_word' id='word_1_277' title='bbox 539 3131 670 3188; x_wconf 86' lang='lat' dir='ltr'>auxilium</span> <span class='ocrx_word' id='word_1_278' title='bbox 694 3139 728 3188; x_wconf 89' lang='lat' dir='ltr'>ab</span> <span class='ocrx_word' id='word_1_279' title='bbox 748 3142 845 3188; x_wconf 87' lang='lat' dir='ltr'>senatu</span> <span class='ocrx_word' id='word_1_280' title='bbox 865 3140 998 3204; x_wconf 87' lang='lat' dir='ltr'>peterent,</span> <span class='ocrx_word' id='word_1_281' title='bbox 1013 3131 1121 3189; x_wconf 75' lang='lat' dir='ltr'>mistro.</span> <span class='ocrx_word' id='word_1_282' title='bbox 1149 3169 1152 3174; x_wconf 90' lang='lat'>-</span> 
     </span>
     <span class='ocr_line' id='line_1_36' title="bbox 193 3205 1121 3284; baseline 0.003 -21"><span class='ocrx_word' id='word_1_283' title='bbox 193 3205 236 3264; x_wconf 89' lang='lat' dir='ltr'>De</span> <span class='ocrx_word' id='word_1_284' title='bbox 251 3208 353 3266; x_wconf 87' lang='lat' dir='ltr'>auxilio</span> <span class='ocrx_word' id='word_1_285' title='bbox 365 3209 433 3265; x_wconf 91' lang='lat' dir='ltr'>nihil</span> <span class='ocrx_word' id='word_1_286' title='bbox 447 3209 621 3284; x_wconf 88' lang='lat' dir='ltr'>impetratum</span> <span class='ocrx_word' id='word_1_287' title='bbox 635 3230 641 3266; x_wconf 75' lang='grc' dir='ltr'>ε</span> <span class='ocrx_word' id='word_1_288' title='bbox 671 3209 753 3284; x_wconf 88' lang='lat' dir='ltr'>legati</span> <span class='ocrx_word' id='word_1_289' title='bbox 767 3219 830 3275; x_wconf 88' lang='lat' dir='ltr'>tres,</span> <span class='ocrx_word' id='word_1_290' title='bbox 846 3209 882 3264; x_wconf 85' lang='grc' dir='ltr'>Μ.</span> <span class='ocrx_word' id='word_1_291' title='bbox 898 3207 976 3264; x_wconf 85' lang='lat' dir='ltr'>Fabii</span> <span class='ocrx_word' id='word_1_292' title='bbox 990 3210 1121 3266; x_wconf 85' lang='lat' dir='ltr'>Ambusti</span> 
     </span>
    </p>

    <p class='ocr_par' dir='ltr' id='par_1_12' title="bbox 160 3283 1141 3675">
     <span class='ocr_line' id='line_1_37' title="bbox 160 3283 1121 3364; baseline -0.001 -21"><span class='ocrx_word' id='word_1_293' title='bbox 160 3283 250 3353; x_wconf 73' lang='lat' dir='ltr'>cfilii,</span> <span class='ocrx_word' id='word_1_294' title='bbox 265 3286 351 3358; x_wconf 88' lang='lat' dir='ltr'>missi,</span> <span class='ocrx_word' id='word_1_295' title='bbox 371 3287 418 3360; x_wconf 89' lang='lat' dir='ltr'>qui</span> <span class='ocrx_word' id='word_1_296' title='bbox 440 3288 550 3344; x_wconf 73' lang='lat' dir='ltr'>senatus</span> <span class='ocrx_word' id='word_1_297' title='bbox 569 3287 715 3364; x_wconf 89' lang='lat' dir='ltr'>populique</span> <span class='ocrx_word' id='word_1_298' title='bbox 735 3285 856 3344; x_wconf 88' lang='lat' dir='ltr'>Romani</span> <span class='ocrx_word' id='word_1_299' title='bbox 876 3287 987 3343; x_wconf 87' lang='lat' dir='ltr'>nomine</span> <span class='ocrx_word' id='word_1_300' title='bbox 1008 3297 1121 3362; x_wconf 87' lang='lat' dir='ltr'>agerent</span> 
     </span>
     <span class='ocr_line' id='line_1_38' title="bbox 193 3364 1120 3441; baseline 0.003 -24"><span class='ocrx_word' id='word_1_301' title='bbox 193 3378 257 3418; x_wconf 89' lang='lat' dir='ltr'>cum</span> <span class='ocrx_word' id='word_1_302' title='bbox 277 3364 373 3432; x_wconf 83' lang='lat' dir='ltr'>Gallis,</span> <span class='ocrx_word' id='word_1_303' title='bbox 387 3379 432 3430; x_wconf 88' lang='lat' dir='ltr'>ne,</span> <span class='ocrx_word' id='word_1_304' title='bbox 454 3384 470 3421; x_wconf 90' lang='lat' dir='ltr'>a</span> <span class='ocrx_word' id='word_1_305' title='bbox 492 3365 591 3440; x_wconf 88' lang='lat' dir='ltr'>quibus</span> <span class='ocrx_word' id='word_1_306' title='bbox 605 3366 707 3422; x_wconf 92' lang='lat' dir='ltr'>nullam</span> <span class='ocrx_word' id='word_1_307' title='bbox 730 3364 858 3440; x_wconf 84' lang='lat' dir='ltr'>injuriam</span> <span class='ocrx_word' id='word_1_308' title='bbox 878 3365 1058 3441; x_wconf 87' lang='lat' dir='ltr'>accepissent,</span> <span class='ocrx_word' id='word_1_309' title='bbox 1077 3383 1120 3420; x_wconf 90' lang='lat' dir='ltr'>so·</span> 
     </span>
     <span class='ocr_line' id='line_1_39' title="bbox 193 3439 1119 3518; baseline 0.002 -22"><span class='ocrx_word' id='word_1_310' title='bbox 193 3439 251 3496; x_wconf 87' lang='lat' dir='ltr'>cios</span> <span class='ocrx_word' id='word_1_311' title='bbox 264 3443 355 3516; x_wconf 92' lang='lat' dir='ltr'>populi</span> <span class='ocrx_word' id='word_1_312' title='bbox 370 3442 492 3500; x_wconf 87' lang='lat' dir='ltr'>Romani</span> <span class='ocrx_word' id='word_1_313' title='bbox 515 3454 595 3517; x_wconf 90' lang='lat' dir='ltr'>atque</span> <span class='ocrx_word' id='word_1_314' title='bbox 619 3443 723 3501; x_wconf 88' lang='lat' dir='ltr'>amicos</span> <span class='ocrx_word' id='word_1_315' title='bbox 745 3453 943 3518; x_wconf 86' lang='lat' dir='ltr'>oppugnarent.</span> <span class='ocrx_word' id='word_1_316' title='bbox 984 3441 1119 3500; x_wconf 85' lang='lat' dir='ltr'>Romanis</span> 
     </span>
     <span class='ocr_line' id='line_1_40' title="bbox 191 3518 1141 3598; baseline 0 -24"><span class='ocrx_word' id='word_1_317' title='bbox 191 3533 241 3574; x_wconf 85' lang='lat' dir='ltr'>eos</span> <span class='ocrx_word' id='word_1_318' title='bbox 253 3518 325 3576; x_wconf 90' lang='lat' dir='ltr'>bello</span> <span class='ocrx_word' id='word_1_319' title='bbox 343 3539 458 3596; x_wconf 89' lang='lat' dir='ltr'>quoque,</span> <span class='ocrx_word' id='word_1_320' title='bbox 482 3521 505 3578; x_wconf 90' lang='lat' dir='ltr'>si</span> <span class='ocrx_word' id='word_1_321' title='bbox 528 3539 573 3578; x_wconf 88' lang='lat' dir='ltr'>res</span> <span class='ocrx_word' id='word_1_322' title='bbox 595 3532 685 3598; x_wconf 86' lang='lat' dir='ltr'>cogat,</span> <span class='ocrx_word' id='word_1_323' title='bbox 707 3522 823 3578; x_wconf 89' lang='lat' dir='ltr'>tuendos</span> <span class='ocrx_word' id='word_1_324' title='bbox 846 3539 925 3578; x_wconf 82' lang='lat' dir='ltr'>esse:</span> <span class='ocrx_word' id='word_1_325' title='bbox 957 3521 1005 3578; x_wconf 88' lang='lat' dir='ltr'>sed</span> <span class='ocrx_word' id='word_1_326' title='bbox 1020 3518 1141 3575; x_wconf 70' lang='lat' dir='ltr'>melius&#39;</span> 
     </span>
     <span class='ocr_line' id='line_1_41' title="bbox 192 3595 1121 3675; baseline 0.005 -25"><span class='ocrx_word' id='word_1_327' title='bbox 192 3595 290 3662; x_wconf 88' lang='lat' dir='ltr'>visum,</span> <span class='ocrx_word' id='word_1_328' title='bbox 305 3597 404 3656; x_wconf 89' lang='lat' dir='ltr'>bellum</span> <span class='ocrx_word' id='word_1_329' title='bbox 418 3599 508 3675; x_wconf 92' lang='lat' dir='ltr'>ipsum</span> <span class='ocrx_word' id='word_1_330' title='bbox 532 3599 660 3667; x_wconf 77' lang='lat' dir='ltr'>amoveri,</span> <span class='ocrx_word' id='word_1_331' title='bbox 686 3599 708 3655; x_wconf 89' lang='lat' dir='ltr'>si</span> <span class='ocrx_word' id='word_1_332' title='bbox 722 3607 831 3673; x_wconf 87' lang='lat' dir='ltr'>posset;</span> <span class='ocrx_word' id='word_1_333' title='bbox 862 3610 890 3657; x_wconf 88' lang='lat' dir='ltr'>et</span> <span class='ocrx_word' id='word_1_334' title='bbox 902 3599 1006 3665; x_wconf 82' lang='lat' dir='ltr'>Gallos,</span> <span class='ocrx_word' id='word_1_335' title='bbox 1019 3615 1121 3655; x_wconf 80' lang='lat' dir='ltr'>nouam</span> 
     </span>
    </p>

    <p class='ocr_par' dir='ltr' id='par_1_13' title="bbox 158 3675 850 3754">
     <span class='ocr_line' id='line_1_42' title="bbox 158 3675 850 3754; baseline 0 -20"><span class='ocrx_word' id='word_1_336' title='bbox 158 3683 314 3752; x_wconf 72' lang='lat' dir='ltr'>agentern,</span> <span class='ocrx_word' id='word_1_337' title='bbox 325 3691 394 3752; x_wconf 85' lang='lat' dir='ltr'>pace</span> <span class='ocrx_word' id='word_1_338' title='bbox 403 3677 495 3754; x_wconf 81' lang='lat' dir='ltr'>potiris</span> <span class='ocrx_word' id='word_1_339' title='bbox 505 3678 645 3754; x_wconf 84' lang='lat' dir='ltr'>cognosci,</span> <span class='ocrx_word' id='word_1_340' title='bbox 660 3675 744 3753; x_wconf 72' lang='lat' dir='ltr'>quim</span> <span class='ocrx_word' id='word_1_341' title='bbox 756 3675 850 3734; x_wconf 73' lang='lat' dir='ltr'>annis</span> 
     </span>
    </p>
   </div>
   <div class='ocr_carea' id='block_1_4' title="bbox 0 0 1324 4206">
    <p class='ocr_par' dir='ltr' id='par_1_14' title="bbox 0 0 1324 4206">
     <span class='ocr_line' id='line_1_43' title="bbox 0 0 1324 4206; baseline 0 11"><span class='ocrx_word' id='word_1_342' title='bbox 0 0 1324 4206; x_wconf 95' lang='lat' dir='ltr'> </span> 
     </span>
    </p>
   </div>
  </div>
 </body>
</html>
