2620 4200
439 343 541 393 LIBER
555 341 659 394 XXVII.
691 352 747 392 cus.
760 355 852 392 ιινιιι.
1065 299 1146 400 Μ

231 485 354 550 vatL
386 485 448 544 Jatn
472 486 563 544 hostes
576 494 639 542 ante
657 494 749 542 castre
766 482 892 540 instructi
905 483 1022 542 stabant.
1061 483 1122 544 Mo·

193 585 251 626 ram
266 581 366 642 pugne
385 564 484 634 attulit,
507 563 582 644 quod
604 562 771 630 Hasdrubal,
795 572 938 637 provectus
958 573 1024 620 ante
1042 562 1123 640 sigua

193 664 256 705 eum
278 644 373 719 paucis
393 609 541 716 equitibus,
561 652 640 698 scuta
659 647 768 698 vetera
781 641 899 698 hostium
929 641 1040 711 notavit,
1060 659 1122 715 quae

193 723 258 780 anta
272 742 327 780 non
341 722 455 788 viderat,
476 731 505 778 et
527 720 696 795 strigosiores
716 738 818 809 equos.
852 716 997 776 multitudo
1015 737 1122 794 quoque

170 801 276 890 smajor
288 799 405 858 solita
381 819 439 856 vasa
451 809 500 856 est.
541 799 703 887 Suspicatus
715 798 789 854 enirn
802 797 830 853 id
834 797 926 871 ,quod
945 808 1003 854 erat
1005 817 1122 872 ‚recep

190 867 229 935 tui
246 881 362 953 propere
387 876 691 948 cecinit,acmrs1tad
712 875 823 946 flumen,
845 875 918 930 unde
939 877 1121 965 aquabantur:

189 956 237 1012 ubi
263 966 292 1014 et
314 957 406 1031 excipi
429 923 511 1029 aliqui
531 965 652 1030 possent,
673 966 701 1010 et
720 955 807 1011 notari
827 953 923 1023 oculis,
944 955 966 1010 si
987 955 1033 1029 qui
1054 954 1122 1011 sorte

190 1034 337 1092 adustioris
357 1034 464 1100 coloris,
479 1045 509 1090 ut
522 1052 558 1089 ex
571 1033 675 1089 receuti
692 1033 745 1097 vid,
759 1043 870 1100 essent;
900 999 981 1088 simul
1004 1033 1122 1090 circum-

190 1113 253 1170 vehi
267 1112 362 1187 procul
385 1125 475 1170 castra
492 1111 571 1187 jubet
591 1111 787 1184 specularique,
809 1129 877 1166 num
898 1121 1009 1169 aucturn
1031 1111 1123 1185 aliqud

158 1204 266 1264 superte
279 1191 315 1248 sit
327 1192 443 1248 vallum:
474 1202 503 1246 et
516 1200 546 1246 ut
559 1189 710 1258 attendant,
725 1189 809 1244 semel
824 1187 902 1244 bisne
916 1188 1026 1264 signum
1040 1199 1123 1246 canat

189 1269 219 1326 ιιι
233 1269 337 1326 castris.
367 1269 411 1326 Ea
423 1287 507 1341 quum
521 1265 618 1323 ordine
631 1267 723 1322 omnia
737 1267 821 1324 relata
834 1277 935 1332 essent,
950 1278 1040 1323 castra
1053 1267 1121 1324 nihil

190 1357 272 1404 aucta
286 1365 406 1404 errorem
420 1345 566 1402 sapiebant.
606 1343 677 1400 Bina
690 1355 777 1412 eraut,
801 1345 873 1401 sicut
896 1356 960 1402 ante
974 1346 1123 1404 adventurn

188 1425 311 1482 consulis
335 1424 447 1482 alterius
467 1423 592 1490 fuerant3
625 1441 680 1478 una
700 1425 738 1479 Μ.
761 1423 842 1494 Livii,
857 1423 941 1479 altera
961 1423 993 1480 L.
1008 1423 1122 1481 Porcii:

187 1503 293 1559 neutris
306 1504 463 1577 quidquam,
477 1521 531 1576 quo
543 1500 625 1558 latius
639 1502 806 1567 tenderetur,
829 1501 864 1556 ad
882 1501 1055 1566 munimenta
1074 1502 1123 1558 ad·

157 1579 302 1655 ajectam.
343 1581 421 1637 Illud·
431 1591 549 1636 veterem
569 1580 670 1636 ducem
691 1578 885 1653 assuetumque
902 1579 1032 1637 Romano
1051 1577 1122 1637 hosti

186 1659 279 1724 movit,
294 1657 366 1733 qudd
380 1658 464 1724 semel
478 1658 507 1714 in
520 1657 653 1732 pretoriis
666 1658 763 1714 castris
783 1659 903 1732 signum,
928 1658 1010 1714 bisin
1024 1676 1123 1716 consu·

188 1736 291 1794 Iuribus
313 1736 470 1793 referebant
489 1735 645 1792 cecinisse:
678 1737 746 1791 duos
760 1735 882 1810 profecti)
902 1737 1030 1793 consules
1043 1755 1121 1805 esse3
1162 1779 1171 1789 .

187 1825 355 1888 etquenam
369 1815 450 1872 modo
470 1813 537 1870 alter
557 1814 592 1868 ab
612 1813 771 1870 Hannibale
792 1814 978 1881 abscessisset,
993 1833 1061 1872 cura
1074 1833 1122 1873 an-

187 1893 277 1966 gebat.
318 1892 436 1948 Minime
451 1893 488 1957 id,
508 1893 667 1965 quoderat,
689 1893 821 1966 suspicari
841 1903 956 1966 poterat,
977 1904 1060 1950 tantae
1080 1893 1121 1952 rei

153 1969 361 2033 salrustratione
376 1969 562 2026 Hannibalem
576 1969 692 2039 clusum,
715 1981 753 2038 ut,
774 1971 821 2026 ubi
835 1971 901 2034 dux,
916 1971 964 2026 ubi
984 1971 1122 2028 exercitus

187 2058 269 2120 esset,
282 2055 347 2104 cum
368 2065 421 2121 quo
441 2057 532 2103 castra
545 2046 643 2102 collata
663 2047 786 2112 haberet,
805 2047 950 2120 ignoraret.
991 2047 1120 2105 Profectd

187 2126 261 2182 haud
275 2126 409 2182 mediocri
422 2125 501 2182 clade
515 2123 687 2180 absterritum
700 2125 809 2197 insequi
823 2144 879 2180 non
900 2143 1016 2181 ausum:
1045 2145 1122 2202 mag·

187 2221 288 2278 nopere
303 2203 397 2271 vereri,
412 2222 447 2259 ne
461 2202 574 2276 perditis
587 2203 669 2258 rebus
692 2221 782 2258 serum
803 2202 861 2276 ipse
886 2203 1018 2260 auxilium
1033 2205 1122 2261 venis·

187 2293 244 2350 set;
265 2282 456 2355 Romanisque
469 2281 566 2338 eadem
577 2279 634 2354 jum
649 2280 757 2336 fortuna
771 2281 798 2336 in
823 2280 903 2336 Italia
925 2300 985 2355 quae
1005 2282 1034 2337 in
1055 2281 1121 2338 His·

153 2361 279 2434 supanis,
294 2371 374 2426 esset.
416 2359 569 2424 Interdum,
583 2358 675 2414 literas
699 2377 762 2414 suas
775 2358 810 2414 ad
823 2377 887 2414 eunt
907 2377 962 2414 non
982 2360 1121 2434 pervenis·

186 2457 226 2509 se,
240 2438 372 2495 credere:
394 2437 607 2510 interceptisque
627 2436 670 2502 iis,
685 2436 827 2492 consulem
842 2437 876 2493 ad
890 2455 951 2492 sese
966 2437 1121 2512 opprimen-

110 2539 117 2549 ·
186 2517 252 2574 dum
267 2516 446 2576 accelerasse.
487 2515 542 2571 His
562 2514 660 2570 anxius
680 2515 763 2586 curis,
784 2515 927 2570 exstinctis
947 2515 1067 2590 ignibus,
1082 2517 1121 2574 ri·

185 2594 254 2668 gitta
268 2594 356 2669 prima
368 2596 433 2651 dato
446 2593 535 2668 signo,
550 2603 579 2649 ut
592 2592 668 2650 taciti
683 2611 747 2648 vasa
763 2593 934 2668 colligerent,
955 2593 1035 2668 signa
1055 2595 1126 2654 ferri-

183 2672 272 2746 jussit.
319 2673 353 2730 In
374 2672 555 2747 trepidatione
574 2683 602 2726 et
621 2681 758 2727 nocturno
777 2671 902 2727 tumultu.
916 2671 1002 2730 duces
1022 2691 1119 2746 parum

153 2773 177 2812 uo
186 2751 293 2806 intente
306 2748 446 2816 asservati,
461 2751 528 2807 alter
541 2749 570 2806 ιιι
583 2749 727 2806 destinatis
738 2750 794 2824 jam
809 2747 874 2806 ante
895 2750 988 2808 animo
1006 2750 1119 2812 latebris

186 2827 319 2897 subsedit,
349 2827 416 2902 alter
442 2847 490 2901 per
516 2827 585 2882 vada
604 2840 669 2883 notu
690 2827 847 2884 Metaurum
868 2826 971 2885 flumen
993 2828 1118 2884 tranavit.

185 2905 229 2962 lta
249 2905 389 2961 desertum
409 2924 425 2960 a
445 2904 570 2960 ducibus.
582 2923 681 2978 agmen
710 2904 796 2978 primo
824 2923 871 2979 per
892 2922 971 2978 agros
990 2904 1117 2978 palatur;

186 2983 304 3057 fessique
326 2983 428 3057 aliquot
447 3001 543 3038 somno
563 3000 597 3038 ac
617 2982 716 3056 vigiliis
736 2993 862 3040 sternunt
880 3000 994 3056 corpora
1007 2983 1117 3056 passim,

139 3061 142 3084 '
185 3071 266 3135 atque
289 3061 473 3136 infrequentia
492 3059 654 3133 relinquunt*
668 3061 754 3135 signa.
795 3059 963 3127 Hasdrubal,
984 3060 1050 3116 dum
1070 3061 1117 3120 lux

150 3164 175 3203 ¹35
184 3139 256 3195 viam
269 3141 435 3210 ostenderet,
450 3138 507 3212 ripa
521 3137 642 3194 fluminis
656 3139 735 3213 signa
750 3139 812 3194 ferri
833 3137 931 3212 jubet3
961 3150 989 3196 et
1002 3157 1050 3214 per
1062 3150 1117 3200 tor·

184 3218 358 3274 tuosiarnnis
371 3219 447 3274 sinus
468 3217 608 3290 flexusque
625 3235 745 3272 errorem
766 3217 884 3285 volvens,
906 3216 979 3276 haud
1000 3217 1116 3276 multdnt

183 3296 326 3369 prooessit,
347 3296 394 3352 ubi
409 3296 496 3369 primu
515 3295 562 3350 lux
575 3295 719 3351 transitum
742 3305 924 3367 opportunum
940 3297 1115 3362 ostendisset,

184 3374 355 3430 transiturus
397 3375 453 3431 Sed
466 3391 561 3447 quum,
574 3371 704 3450 quantum
715 3371 821 3461 [mare]
836 3372 1013 3440 abscedebat,
1036 3371 1116 3430 tanto
1139 3383 1142 3388 '

187 3451 328 3508 altioribus
348 3452 540 3508 coercentibus
560 3469 670 3507 amnem
700 3450 774 3524 ripis,
802 3469 858 3506 non
879 3451 1014 3511 inveniret
1033 3450 1113 3518 rada,

150 3553 175 3594 tc
185 3528 257 3586 diem
271 3531 387 3588 terendo
399 3530 516 3604 spatium
531 3529 607 3584 dedit
620 3530 654 3586 ad
669 3529 869 3602 insequendum
883 3548 944 3586 sese
957 3528 1036 3587 hosti.

222 3685 359 3742 XLVIIl.
379 3687 456 3744 Nero
470 3687 590 3762 primum
605 3704 668 3744 cum
682 3685 757 3743 omni
771 3685 892 3759 equitatu
907 3683 1025 3747 advenitt
1047 3683 1114 3743 Por-

182 3763 244 3827 cius
257 3764 358 3820 deinde
381 3777 523 3833 assecutus
545 3783 609 3825 curn
630 3764 682 3821 levi
704 3767 850 3822 armatura.
889 3763 949 3825 Qui
963 3781 1047 3838 quum
1061 3764 1114 3821 ses·
