2622 4194
520 339 620 390 ntuetr
635 339 655 388 1.
687 351 747 392 car.
758 353 818 390 rmr.
863 325 867 330 ’
1090 345 1129 408 η

204 492 285 541 atrox
296 481 398 540 invidia
408 490 469 540 crte
490 490 541 555 est,
564 479 663 556 gladiis
684 480 714 538 in
734 479 827 540 medio
847 479 1001 558 positIr,ut,
1022 482 1139 558 indicti,

206 563 299 633 causa,
312 577 381 618 noro
392 560 496 636 genere
506 559 562 630 leti,
576 559 700 634 dejectus
723 559 759 615 ad
779 573 862 634 ceput
871 578 948 634 aquae
961 559 1128 637 Ferentinae,

207 649 281 696 crate
293 637 408 712 superne
422 636 526 712 injecti
538 636 664 711 saxisque
678 636 823 712 congestis,
837 649 1013 712 mergeretur.

242 793 306 852 LII.
327 793 479 851 Revocatis
492 794 593 850 deinde
608 794 641 849 ad
656 791 804 850 concilium
820 791 936 866 Latinis,
950 793 1127 871 Tarquinius,

186 871 429 945 scollaudatisque,
443 871 488 946 qui
499 872 629 928 Turnum
640 881 785 928 novantem
799 888 843 927 res
856 889 904 944 pro
914 871 1058 930 manifesto
1070 893 1143 949 par·-

203 948 301 1008 ricidio
322 950 420 1006 merita
441 951 522 1024 poend
543 948 707 1018 affecissent,
731 948 769 1004 ita
791 948 874 1004 rerba
894 948 977 1006 fecitr
1016 954 1035 986 “
1046 951 1130 1010 Posse

203 1027 346 1101 “quidem
360 1046 390 1084 se
403 1037 508 1084 vetusto
518 1025 579 1101 jure
601 1044 693 1102 agere,
713 1025 794 1099 qudd‚
817 1043 901 1100 quum
921 1045 1017 1086 omues
1038 1027 1130 1086 Latini

201 1105 269 1161 “ab
283 1105 356 1162 Alba
369 1104 477 1161 oriundi
490 1104 554 1171 sint,
568 1103 597 1160 in
610 1122 644 1160 eo
657 1103 759 1160 foedere
772 1114 928 1171 teneantur,
948 1124 1002 1178 quo
1015 1106 1049 1162 ab
1063 1107 1132 1164 Tul·

205 1183 224 1216 “
235 1181 263 1239 Io
276 1202 319 1239 res
331 1182 420 1240 omnis
434 1179 544 1238 Alb'ame
567 1200 631 1238 cum
655 1181 759 1238 colonis
782 1180 838 1236 ruis
859 1180 888 1237 in
902 1181 1059 1240 Romanum
1073 1203 1132 1242 ces·

175 1260 226 1314 ro“
237 1260 302 1316 serit
315 1259 467 1334 imperium.
507 1257 644 1315 Caeterdm
665 1277 695 1314 se
715 1257 839 1316 utilitatis
859 1257 886 1314 id
907 1259 1131 1333 magiscmnium

208 1337 227 1374 “
238 1337 323 1393 eausa
335 1355 458 1402 censere,
472 1345 502 1392 ut
515 1346 658 1392 renovetur
678 1335 705 1395 id
728 1335 833 1404 soedus3
854 1335 1031 1410 secundique
1043 1338 1132 1413 potitis

208 1417 228 1451 “
240 1414 346 1471 fortuni
360 1413 452 1488 populi
466 1413 587 1470 Romani
602 1423 631 1469 ut
643 1413 789 1487 participes
802 1413 894 1470 Latini
906 1413 1038 1482 fruantur,
1050 1417 1133 1490 quim

208 1492 348 1548 “urbium
361 1491 483 1547 exscidia
495 1490 711 1565 vastationesque
725 1509 861 1564 agrorum,
875 1509 943 1565 quas
953 1491 1035 1549 Anco
1047 1493 1132 1566 priris,

208 1574 227 1607 “
237 1579 313 1643 patre
327 1569 428 1625 deinde
441 1587 491 1626 suo
510 1578 653 1643 regnante,
677 1568 798 1643 perpessi
821 1568 885 1634 sint,
900 1587 1007 1642 semper
1027 1581 1075 1626 aut
1087 1589 1134 1628 en·

177 1651 371 1722 rs“speetent,
398 1655 445 1703 aut
469 1646 633 1722 patiantur.”
684 1645 768 1702 Haud
798 1645 943 1708 difficulter
972 1665 1133 1720 persuasum

208 1725 322 1796 Latinis,
337 1743 497 1798 quamquam
513 1724 542 1784 in
554 1743 588 1780 eo
607 1723 708 1780 foedere
732 1723 853 1797 superior
867 1723 997 1786 Romane
1009 1744 1052 1782 res
1065 1737 1132 1784 erat.

209 1800 344 1862 Caeterum
358 1813 387 1858 et
399 1802 489 1875 capita
501 1801 620 1859 nominis
633 1799 726 1857 Latini
739 1811 810 1862 stare
828 1816 862 1857 ac
875 1799 976 1862 sentire
990 1821 1054 1860 cum
1068 1823 1133 1880 rege

208 1881 355 1948 ridebant3
379 1889 408 1935 et
420 1879 534 1936 Turnus
547 1878 589 1934 sui
603 1879 702 1952 cuique
726 1878 841 1952 periculi
853 1918 861 1944 ‚
874 1877 897 1934 si
921 1879 1078 1950 adversatus
1090 1901 1133 1944 es·

208 1970 258 2024 set,
278 1976 376 2015 recens
399 1966 457 2017 erat
477 1957 681 2013 documentum.
722 1954 765 2011 Ita
791 1966 950 2012 renovatum
974 1956 1071 2027 fedus,
1094 1958 1135 2014 iu·

176 2026 368 2107 edictumque
379 2033 531 2108 junioribus
545 2034 715 2104 Latinorum,
739 2042 769 2088 ut
789 2051 824 2088 ex
836 2031 939 2092 foedere
953 2033 997 2090 die
1011 2035 1087 2094 certd
1100 2035 1136 2093 ad

210 2115 304 2171 lucum
319 2110 474 2171 Ferentinae
497 2111 593 2176 armati
614 2110 769 2184 frequentes
792 2109 928 2182 adessent.
968 2111 1027 2171 Qui
1039 2112 1085 2169 ubi
1100 2113 1135 2171 ed

209 2190 331 2247 edictum
347 2186 550 2262 Romeniregis
573 2205 607 2240 ex
629 2187 757 2244 omnibus
779 2186 885 2260 populis
898 2192 1069 2257 convenere3
1099 2209 1135 2248 ne

194 2263 312 2325 ,duc'ern
338 2283 429 2328 suurn,
452 2281 521 2320 neve
548 2265 684 2318 secretum
712 2262 866 2334 imperium,
897 2265 1037 2336 propriave
1057 2266 1137 2340 signa

211 2345 354 2414 haberent,
367 2341 478 2397 miscuit
490 2339 645 2415 manipulos
668 2357 703 2394 en
725 2337 833 2394 Latinis
846 2338 1044 2413 Romanisque,
1059 2353 1090 2398 ut
1102 2361 1137 2399 ex

178 2423 283 2480 asinis
296 2419 419 2494 singulos
432 2419 543 2484 faceret,
577 2417 709 2490 binosque
729 2435 763 2472 ex
783 2415 918 2491 singulis:
939 2416 978 2480 ita
989 2419 1136 2498 geminatis

211 2497 357 2574 manipulis
370 2497 545 2562 centuriones
559 2494 696 2569 imposuit
989 2511 993 2521 ·

250 2656 329 2713 LIII.
350 2653 423 2721 Nec,
437 2664 468 2711 ut
488 2653 606 2728 injustus
625 2651 653 2709 in
673 2671 742 2728 pace
756 2671 813 2724 rex,
834 2651 871 2710 ita
883 2653 941 2716 dux
955 2654 1019 2716 belli
1037 2675 1137 2732 pravus

213 2734 281 2791 Iuit:
301 2733 366 2807 quin
380 2734 413 2787 es
426 2742 483 2788 arte
497 2733 631 2804 aequairret
652 2731 804 2805 superiores
824 2750 913 2806 reges,
934 2733 964 2788 ni
986 2733 1137 2809 degenera-

212 2821 271 2868 tum
284 2811 313 2866 in
327 2810 386 2864 aliis
396 2810 461 2865 huic
473 2826 580 2882 quoque
593 2808 685 2865 decori
708 2809 803 2869 offecis
811 2819 853 2916 pt.
892 2809 922 2870 Is
944 2809 1049 2883 primus
1073 2811 1138 2866 Vol·

180 2889 269 2945 oseis
282 2886 383 2942 bellum
402 2886 430 2941 in
454 2884 587 2942 ducentos
611 2885 725 2960 amplids
747 2897 807 2959 post
829 2905 908 2950 suam
929 2895 1037 2946 {etatem
1050 2905 1137 2943 annos

215 2963 317 3032 movit;
339 2965 521 3036 Suessamque
535 2963 686 3026 Pometiam
709 2981 746 3018 ex
769 2964 812 3026 his
825 2962 953 3036 incepit:
982 2961 1030 3022 ubi
1052 2982 1136 3037 quum

165 3095 168 3100 .
214 3041 465 3115 dividenddpraedai
486 3041 686 3114 quadringenta
705 3040 808 3097 talenta
830 3038 936 3114 argenti
960 3040 1072 3116 aurique
1095 3061 1138 3100 re·

213 3119 340 3187 fecissem
361 3118 489 3193 concepit
511 3117 603 3175 animo
623 3135 684 3174 eam
706 3118 913 3192 amplitudinem
934 3115 1010 3178 ioris
1033 3120 1136 3194 templi,

214 3216 274 3272 quae
287 3197 372 3271 digna
385 3195 477 3252 Derim
491 3195 686 3271 hominumque
706 3213 779 3270 rege,
794 3213 854 3269 quae
868 3193 999 3251 Romano
1012 3195 1136 3270 imperio,

182 3286 274 3350 acquae
287 3274 372 3349 ipsius
382 3274 464 3330 etiarn
474 3273 529 3330 loci
552 3273 692 3346 majestate
705 3281 784 3328 esset.
825 3271 968 3344 Captivam
990 3274 1136 3348 pecuniam

215 3353 244 3407 in
258 3351 466 3408 edificationem
480 3351 540 3425 ejus
553 3350 646 3428 templi
660 3350 787 3425 seposuit.
827 3348 946 3423 Excepit
959 3349 1059 3408 deiude
1072 3367 1137 3406 eum

216 3428 315 3485 lentius
328 3447 375 3504 spe
389 3428 501 3498 bellum,
514 3445 567 3500 quo
579 3427 691 3499 Gabios,
714 3425 892 3501 propiaquam
906 3428 1011 3494 urbem,
1024 3425 1137 3499 nequid·

215 3523 297 3578 quam
310 3506 335 3562 vi
349 3507 468 3571 adortus,
481 3520 564 3578 quum
588 3504 732 3561 obsidendi
755 3521 860 3578 quoque
871 3503 967 3566 urbem
980 3523 1041 3578 spes
1058 3502 1137 3577 pulso

216 3582 380 3639 amoenibus
393 3584 521 3656 adempta
533 3591 615 3647 esset,
637 3579 773 3657 postremo
796 3580 907 3646 minime
927 3592 984 3638 arte
998 3581 1136 3652 Romami,

183 3659 311 3716 ostende
324 3678 357 3714 ac
370 3661 439 3726 dolo,
454 3674 599 3734 aggressus
611 3670 669 3728 est;
695 3677 758 3714 narn
769 3677 862 3734 quum,
875 3659 948 3714 velut
957 3657 1044 3732 posito
1056 3657 1137 3729 bello,
1170 3709 1175 3716 .

216 3737 401 3814 fundamentis
414 3737 506 3814 templi
518 3735 654 3810 jaciendis
678 3735 790 3809 aliisque
814 3735 925 3800 urbanis
947 3732 1074 3810 operibus
1095 3735 1138 3793 in·
