2638 4206
174 347 229 406 110
574 345 640 398 ΤΙΤΙ
655 344 737 398 mvn
769 377 772 384 =

174 486 288 544 “simus
300 505 307 544 r
327 505 390 560 nec,
406 505 453 544 ros
465 484 532 562 (nisi
546 486 574 545 in
588 489 784 546 contumellam
795 487 1029 564 ignominiemque
1042 504 1104 552 nos·
1141 473 1146 542 ὲ

176 572 273 624 “tram
286 577 392 623 certare
402 565 492 643 jurat)
506 565 579 640 quod
593 567 774 637 contendatis,
788 567 935 642 quidquam
945 575 996 624 est.
1144 562 1147 590 ²

211 719 247 777 V.
269 729 287 757 ⁸⁶
298 720 436 795 Denique,
449 720 542 798 utrrim
555 722 667 779 tandem
680 722 773 798 populi
784 721 915 792 Romani,
926 741 961 778 an
972 713 1116 796 vestrum,‘

174 805 340 855 “summum
354 799 509 874 'imperium
534 801 597 856 esti
637 801 764 876 Regibus
783 801 897 870 exactis,
911 801 1006 857 utrum
1026 802 1104 859 vobis

174 875 361 948 udominatio,
375 895 410 933 an
424 877 553 933 omnibus
575 896 653 952 equs
675 879 876 952 libertesparta
889 879 952 933 esti
987 878 1103 954 Oportet
1123 903 1138 942 5
1199 947 1202 954 1

173 953 285 1010 “licere
298 955 398 1028 populo
412 955 549 1026 Romano,
563 956 586 1011 si
599 956 673 1023 velit,
685 956 782 1031 jubere
796 956 907 1030 legemi
928 973 973 1026 an,
987 970 1017 1013 ut
1029 975 1103 1030 que·
1194 982 1197 991 ·

172 1039 192 1067 “
201 1049 253 1105 que
267 1033 371 1106 rogatio
382 1034 554 1107 promulgata
567 1033 627 1103 erit,
641 1051 688 1090 ros
701 1034 840 1089 delectum
854 1052 902 1108 pro
915 1033 997 1106 pont
1007 1034 1103 1090 decer·

172 1116 193 1145 ‘⁸
203 1109 293 1166 netisl
324 1119 361 1181 et,
376 1109 457 1166 simul
470 1129 523 1184 ego
536 1111 662 1168 tribunus
683 1129 780 1168 vocare
804 1111 890 1166 tribus
904 1109 931 1166 in
943 1110 1104 1186 suffragium

172 1193 192 1223 “
201 1204 320 1262 crepero,
335 1201 364 1244 tu
378 1188 469 1244 stetim
483 1189 579 1244 consul
590 1200 762 1245 sacramento
773 1188 896 1263 juniores
910 1187 1014 1262 adiges,
1034 1189 1104 1245 etin

200 1275 291 1320 cestre
314 1266 440 1321 educes?
474 1276 502 1323 et
515 1265 664 1322 minaberis
683 1267 767 1341 plebi,
791 1265 940 1322 minaberis
967 1265 1078 1323 tribuno
1092 1263 1103 1322 l
1115 1289 1139 1328 ro

107 1347 109 1356 '
184 1340 288 1412 ‘Quid
302 1343 325 1398 si
339 1361 403 1412 non,
418 1345 548 1416 quantrim
563 1344 621 1400 iste
635 1345 716 1400 minae
740 1345 870 1401 adversus
888 1341 976 1418 plebis
990 1362 1106 1400 consen·
1137 1388 1139 1396 ,

174 1427 262 1475 usum
276 1419 404 1490 valerent,
420 1421 461 1476 bis
480 1421 537 1495 jem
560 1422 664 1496 experti
685 1421 803 1478 essetis?
844 1421 966 1491 Scilicet,
981 1421 1045 1494 quia
1058 1439 1106 1479 no-

173 1495 245 1552 “bis
258 1498 414 1554 consultum
427 1498 568 1568 volebatis,
591 1501 743 1556 certamine
766 1498 958 1555 abstinuistis?
993 1515 1028 1554 eu
1043 1498 1105 1556 ideo

174 1583 193 1614 t‘
202 1592 258 1630 non
272 1585 313 1631 est
327 1575 497 1642 dimicatum,
511 1574 595 1649 qubd,
608 1595 670 1652 quae
684 1595 747 1651 pars
760 1577 872 1646 firmior,
886 1576 984 1632 eadem
998 1576 1105 1633 modes-

174 1652 254 1708 “tior
277 1652 350 1709 fuiti
390 1653 452 1709 Nec
476 1671 551 1708 nuuc
572 1655 625 1710 erit
649 1665 799 1723 certamen,
819 1652 965 1712 Quirites:
999 1653 1139 1717 enimos15

175 1738 304 1785 “vestros
317 1730 355 1786 illi
369 1729 515 1786 tentabunt
537 1747 652 1805 semper,
671 1731 742 1788 vires
757 1749 811 1787 non
826 1732 1011 1805 experientur.
1052 1731 1107 1788 Ita·

173 1815 193 1843 ‘⁶
202 1822 256 1879 que
270 1807 305 1862 cd
320 1807 391 1862 belle
404 1807 464 1876 iste,
479 1826 527 1862 seu
542 1806 610 1863 ialsa
623 1827 672 1865 seu
693 1827 758 1864 vera
771 1820 846 1878 sunt,
860 1809 998 1880 consules,
1012 1820 1108 1883 parate

174 1892 194 1920 ‘⁶
204 1883 279 1939 vobis
293 1884 387 1961 plebes
400 1893 450 1954 est,
465 1884 498 1950 si,
512 1885 659 1943 connubiis
679 1886 802 1954 redditis,
824 1903 908 1941 uuam
927 1887 1001 1941 hanc
1014 1886 1107 1942 civita·

175 1970 258 2017 “tem
279 1963 391 2017 tandem
413 1961 522 2029 facitis,
563 1963 586 2018 si
610 1963 774 2033 coalescere,
798 1963 820 2020 si
843 1962 922 2037 jungi
943 1963 1107 2038 miscerique

76 2059 79 2066 ¹
175 2039 280 2095 “vobis
293 2039 405 2114 privetis
418 2039 670 2097 necessitudinibus
688 2052 819 2114 possunt3
851 2041 874 2096 si
888 2059 959 2115 spes,
980 2040 1003 2096 si
1018 2041 1141 2104 aditusso

176 2125 195 2154 ‘⁶
204 2117 239 2174 ad
253 2117 369 2173 honores
382 2117 447 2174 viris
460 2118 577 2174 strenuis
590 2128 618 2174 et
631 2118 745 2175 fortibus
759 2119 838 2175 detur
850 2137 858 2186 3
879 2119 902 2174 si
915 2118 944 2174 in
959 2118 1106 2186 consortio,

175 2193 269 2250 “siin
293 2196 424 2252 societate
447 2195 606 2269 reipublice
629 2213 700 2267 esse,
723 2196 756 2267 si,
776 2197 848 2270 quod
869 2213 954 2270 aequae
973 2196 1107 2252 libertatis

175 2280 195 2308 ‘⁶
203 2281 253 2342 est,
267 2271 387 2329 invicem
400 2272 501 2328 annuis
513 2273 718 2347 magistratibus
740 2291 836 2348 perere
857 2283 938 2346 etque
952 2273 1107 2348 imperitare

176 2358 195 2386 ‘⁴
204 2347 278 2406 licet.
299 2356 302 2365 “
319 2351 348 2406 Si
369 2351 430 2406 haec
450 2350 581 2424 impediet
595 2351 702 2425 aliquis,
723 2350 791 2407 ierte
805 2351 985 2420 sermonibus,
999 2361 1027 2408 et
1039 2351 1107 2408 mul·

177 2427 325 2501 “tiplicate
339 2428 413 2484 femi
426 2427 512 2496 bella;
543 2447 625 2485 nemo
644 2439 687 2485 est
707 2444 808 2485 nomen
829 2428 1055 2498 daturussnerno
1068 2445 1142 2491 aros

177 2513 251 2560 “ma
276 2515 416 2578 capturus,
442 2522 524 2561 nemo
549 2505 730 2563 dimicaturus
755 2525 804 2580 pro
834 2506 959 2580 superbis
978 2505 1107 2576 dominis,

177 2589 270 2640 “cum
293 2582 392 2654 quibus
412 2596 465 2638 nec
488 2581 517 2637 iu
536 2601 566 2638 re
586 2583 696 2658 publici
716 2583 860 2655 honorum,
881 2601 935 2640 nec
955 2583 984 2640 in
1004 2584 1108 2659 privati

172 2659 337 2716 “connubii
351 2659 469 2716 societas
481 2660 552 2716 est.''

155 2793 167 2865 l
215 2815 267 2873 VI.
287 2815 386 2877 Quum
400 2815 428 2872 in
442 2816 605 2874 concionem
620 2827 648 2874 et
661 2816 789 2874 consules
801 2818 1008 2892 processissent,
1022 2826 1107 2874 atres
1116 2837 1141 2877 cr

176 2895 347 2969 aperpetuis
369 2894 538 2951 cretionibus
551 2895 580 2951 in
595 2895 802 2952 altercationem
821 2895 961 2964 vertissct;
995 2895 1108 2952 interro-

103 3016 112 3032 Ι
177 2973 254 3048 genti
268 2973 386 3043 tribuno,
403 2981 420 3009 ‘⁶
430 2991 479 3028 cur
492 2972 629 3047 plebejum
640 2974 783 3030 consulem
795 2973 853 3029 lieri
862 2990 917 3029 non
927 2973 1108 3045 oporterett''

177 3059 210 3106 ut
229 3050 342 3107 fortasse
362 3049 436 3120 rere,
451 3050 491 3107 sic
510 3069 606 3125 parum
621 3050 723 3107 utiliter
736 3050 765 3106 in
778 3065 899 3124 praesens
913 3059 1053 3104 certamen
1066 3065 1109 3104 re-

178 3128 298 3200 spondit,
313 3138 331 3164 “
342 3127 414 3207 qubd
424 3147 506 3184 nemo
518 3128 642 3203 plebejus
656 3127 916 3202 euspiciuheberet3
937 3125 1052 3199 ideoque
1063 3125 1111 3182 de·

106 3265 108 3273 Α
181 3205 343 3261 “cemviros
364 3206 534 3262 connubium
557 3205 709 3277 diremisse,
723 3223 759 3261 ne
773 3203 878 3261 incerti
891 3203 966 3278 prole
986 3202 1111 3278 auspicis

181 3280 410 3341 “turbarentur'’
450 3284 548 3340 Plebes
562 3283 638 3340 adid
656 3283 774 3340 maxime
796 3281 986 3356 indignatione
999 3281 1144 3354 exercitas

178 3358 254 3436 quod
268 3359 414 3434 suspicari,
428 3372 565 3440 tamquam
580 3361 660 3418 invisi
680 3361 742 3418 Diis
755 3359 962 3431 immortalibus,
976 3375 1112 3434 negaren-

180 3448 225 3495 tur
238 3449 336 3512 posse:
370 3455 422 3494 nec
437 3439 499 3495 ante
510 3435 573 3496 linis
593 3439 801 3496 contentionum
825 3437 877 3494 suit
903 3435 1000 3510 (quum
1022 3447 1051 3494 et
1065 3437 1113 3494 tri·-

181 3515 288 3572 banum
302 3516 465 3573 acerrimum
481 3528 620 3574 auctorem
633 3517 729 3592 plebes
741 3527 825 3573 nacte
838 3525 919 3583 esset,
933 3525 961 3571 et
974 3515 1033 3590 ipss
1046 3531 1113 3572 cum

182 3609 217 3650 eo
239 3593 391 3667 pertinacii
417 3597 556 3673 certaret),
577 3593 660 3668 quim
681 3595 745 3652 ric'ti
767 3594 878 3651 tandem
902 3592 1007 3665 Patres,
1028 3603 1058 3650 ut
1077 3592 1113 3648 de

183 3672 323 3728 connubio
342 3671 468 3740 ferretur,
490 3673 670 3730 consensere:
698 3673 736 3730 ita
759 3670 878 3729 maxime
897 3671 949 3727 rati
962 3669 1146 3734 murenae„

179 3763 249 3812 nem
262 3749 297 3804 de
310 3749 425 3836 plebejis
445 3750 604 3812 consulibus
625 3751 749 3810 tribunos
770 3760 816 3808 aut
835 3759 919 3807 totam
934 3749 1112 3826 deposituros,
