2622 4194
133 341 172 400 Μ
515 341 582 392 mm
596 341 696 394 altit·

133 481 154 515 “
163 499 218 559 que
229 465 372 542 recidisse.
412 481 600 558 Nunquamne
625 483 721 558 ergo,','
738 483 845 560 inquit,
869 487 888 523 “
899 486 1071 548 ullaadebs

134 559 240 632 “sabis
253 572 378 636 spectata
390 561 475 618 virtus
497 562 559 630 erit,
580 571 611 618 ut
631 561 791 636 suspicione
810 564 908 621 violari
925 565 1071 639 nequeatl

134 637 153 670 “
165 637 226 714 Ego
238 657 284 696 me
297 639 374 696 illurn
388 641 553 697 acerrimum
567 658 663 714 regum
677 641 793 708 hostem,
808 639 897 715 ipsum
911 644 1071 717 cupiditatis

134 715 155 748 “
165 716 244 792 regni
257 716 364 774 crimen
385 717 540 774 subiturum
560 717 708 774 timerent
747 717 818 792 Ego,
842 719 866 774 si
887 720 918 775 in
932 719 992 794 ipsa
1005 740 1070 779 arce

135 792 357 869 “Capitolioque
370 794 532 866 habitarem,
552 795 638 852 metui
658 813 703 850 me
724 797 867 852 crederem
881 815 960 871 posse
974 817 992 854 a
1003 799 1070 855 cici·
1090 815 1104 854 s

136 875 154 906 ‘⁴
166 871 217 928 bus
230 871 322 928 meisi
356 885 412 929 tam
438 873 490 929 leti
514 884 656 930 momento
679 891 743 930 mea
765 873 841 948 apud¹
862 893 909 930 vos
920 874 993 932 sama
1004 893 1072 950 perr-

137 949 234 1007 “dett
274 949 393 1007 Adebne
406 962 448 1007 est
461 951 576 1006 lundata
588 949 684 1007 leuiter
707 949 784 1016 fides,
807 961 837 1006 ut
850 951 897 1008 ubi
912 953 973 1018 sim,
987 953 1070 1026 quam

135 1027 212 1100 “qui
225 1027 287 1101 sim,
304 1029 392 1104 magis
405 1028 525 1085 reserati
566 1027 632 1084 Nou
651 1028 802 1085 obstabunt
820 1028 851 1084 P.
870 1029 975 1086 Valerii
998 1031 1073 1088 ades

136 1105 286 1163 “libertati
300 1119 404 1176 vestre,
418 1105 546 1166 Quirites
557 1126 563 1175 ;
583 1116 643 1162 tuta
656 1106 709 1162 erit
721 1106 798 1162 vobis
811 1106 900 1163 Velia.
940 1107 1071 1165 Deseram

136 1185 155 1218 “
167 1201 223 1240 uon
237 1183 266 1240 in
278 1184 392 1258 planum
405 1182 487 1240 modo
505 1185 588 1255 aedes,
602 1184 651 1239 sed
665 1182 733 1239 'colli
746 1185 830 1239 etiam
844 1184 1008 1258 subjiciam:
1041 1197 1072 1243 ut
1082 1200 1105 1240 io

137 1263 214 1318 “ros
228 1279 311 1336 supra
323 1273 482 1336 suspectum
506 1281 551 1318 me
563 1263 653 1318 ciuem
667 1261 804 1317 habitetis.
845 1262 879 1318 In
894 1262 974 1318 Velia
988 1263 1073 1326 aedifi-

136 1342 156 1375 “
167 1349 241 1406 cent,
255 1339 355 1414 quibus
368 1339 477 1404 melius,
498 1339 580 1412 quim
601 1339 632 1395 P.
647 1338 768 1409 Valerio,
789 1339 911 1396 creditur
931 1339 1072 1398 libertas.''

137 1416 238 1476 Delata
251 1417 397 1474 confestim
411 1417 526 1473 materia
538 1417 629 1474 omnis
642 1416 714 1473 insra
727 1416 853 1484 Veliam3
884 1427 920 1488 et,
935 1417 982 1474 ubi
996 1437 1072 1476 nunc

99 1525 101 1532 ·
136 1495 290 1570 Vicaepotae
303 1505 355 1562 est,
369 1495 509 1552 demusin
523 1495 619 1552 infimo
632 1495 707 1551 clivo
716 1494 862 1550 edificata.

176 1651 260 1712 VIII.
280 1652 358 1708 Latae
371 1651 473 1708 deiude
486 1652 570 1726 loges,
584 1669 641 1708 non
654 1649 741 1707 soldm
755 1669 816 1724 quae
829 1650 908 1725 regni
917 1637 1073 1726 suspicione
1082 1669 1107 1710 uu

138 1730 282 1788 consulem
296 1728 481 1799 absolverent,
493 1730 541 1786 sed
555 1747 615 1801 quae
630 1727 701 1784 adab
715 1728 744 1784 in
758 1729 1076 1800 contrariumverterent,

137 1818 170 1865 ut
182 1806 342 1884 popularem
355 1806 439 1863 etiarn
453 1806 593 1862 facerent:
621 1806 687 1862 inde
708 1823 863 1879 cognomen
884 1806 988 1863 sactum
1002 1807 1075 1864 Pub-

139 1885 291 1956 licqlreest.
332 1885 407 1942 Ante
430 1901 537 1955 omnes,
559 1884 593 1940 de
615 1883 809 1957 provocatione
833 1884 963 1940 adversus
976 1886 1075 1959 magis-

139 1973 226 2022 tratus
240 1964 275 2021 ad
289 1963 429 2038 populum,
452 1962 641 2034 sacrandoque
662 1979 726 2018 cum
750 1960 828 2018 bonis
851 1961 941 2035 capite
954 1961 1074 2038 ejusqui
1101 2005 1105 2016 ι

139 2043 220 2117 regni
232 2039 389 2115 occupandi
402 2039 518 2097 consilia
531 2039 636 2108 inisset,
651 2049 736 2113 grata
749 2037 778 2094 in
792 2038 890 2112 vulgus
898 2038 974 2113 leges
987 2039 1074 2116 sucre,
1086 2062 1112 2113 ς
1138 2100 1141 2105 ,

140 2159 262 2178 .....
285 2119 357 2176 Hac
380 2127 442 2193 post
467 2127 579 2174 exactos
602 2135 683 2190 reges
709 2115 782 2172 domi
814 2115 971 2189 militiaque
997 2117 1106 2191 gesta}

140 2197 229 2270 primo
242 2197 324 2254 anno.
364 2195 435 2254 Inde
453 2193 484 2254 P.
498 2195 627 2252 Valerius
648 2195 767 2262 iterum„
780 2193 820 2251 T..
839 2193 995 2262 Lueretius,
1010 2213 1076 2252 con·
1093 2206 1114 2280 g

141 2275 304 2336 sulessacti.
1094 2282 1100 2294 ·

180 2435 235 2492 ΙΧ.
262 2435 326 2492 Iam
344 2434 491 2508 Tarquinii
513 2434 548 2490 ad
568 2433 680 2504 Lartem
693 2431 853 2497 Porsenam,
867 2430 1015 2487 Clusinum
1035 2443 1106 2487 re·r

142 2529 215 2586 gem,
229 2512 423 2587 perfugerantt
444 2512 492 2583 ibi,
507 2511 651 2566 miscendo
662 2510 808 2566 consilium
822 2527 982 2583 precesque,
998 2525 1076 2565 nunc
1093 2506 1113 2588 2„

141 2589 267 2656 orabant,
294 2593 312 2624 “
324 2607 360 2646 ne
381 2608 421 2660 se,
444 2589 576 2645 oriundos
588 2605 624 2644 ex
636 2587 772 2653 Etruscis,
793 2586 918 2661 ejusdcm
932 2587 1078 2662 sauguinis
1093 2589 1112 2650 ,8

141 2667 160 2701 “
171 2666 355 2742 nominisque,
368 2675 487 2741 egentes
496 2666 622 2724 exsulare
634 2675 773 2740 pateretur
783 2684 790 2720 z
799 2664 817 2690 ’¹
837 2681 914 2720 nunc
927 2654 1112 2722 monebant*

63 2807 66 2818 ¹
142 2743 236 2811 etiarn,
257 2746 276 2780 “
285 2763 321 2803 ne
334 2743 468 2802 orientem
482 2761 586 2801 morem
606 2743 729 2818 pellendi
740 2759 821 2816 reges
833 2741 951 2798 inultum
965 2741 1076 2798 sineret.

143 2822 247 2880 “Satis
260 2822 414 2880 libertatem
427 2821 515 2896 ipsam
528 2821 630 2878 babere
644 2819 809 2877 dulcedinis.
858 2818 921 2875 Nisi
935 2819 1038 2892 quanti
1051 2818 1076 2874 vi

142 2902 163 2974 “.
173 2901 298 2959 civitates
310 2919 373 2958 eam
386 2910 526 2974 expetant,
540 2900 618 2956 tantis
631 2917 718 2972 regna
730 2915 810 2972 reges
820 2896 980 2962 defendant,
990 2914 1112 2969 aqua-ao

143 2978 197 3035 “ri
210 2997 318 3036 summa
330 2978 448 3036 infimis:
476 2977 545 3034 nibil
559 2977 710 3043 excelsum,
723 2975 803 3040 nibil,
817 2974 889 3048 quod
903 2991 985 3046 supra
997 2985 1078 3030 cete·

144 3075 175 3113 ra
187 3057 319 3128 emineat,
332 3057 362 3114 iu
383 3049 541 3115 civitatibus
561 3055 627 3112 sore.
677 3053 786 3108 Adesse
809 3052 893 3107 finem
915 3050 1019 3124 reguis,
1036 3049 1080 3108 rei

144 3137 163 3170 ‘⁶
176 3133 247 3190 iuter
274 3133 350 3191 Deos
376 3133 556 3206 hominesque
588 3129 809 3206 pulcherrime?
862 3127 992 3193 Porsena,
1018 3133 1078 3183 tum

145 3227 240 3286 regem
266 3206 327 3267 e'sse
352 3211 462 3278 Roma,
486 3220 544 3267 tum
571 3209 699 3266 Etruscae
718 3207 810 3282 gentis
830 3221 934 3278 regem,
956 3204 1078 3278 amplum
1109 3221 1112 3227 ’

145 3287 250 3348 Tuscis
263 3299 347 3358 ratus,
361 3287 481 3346 Romam
505 3287 605 3344 infesto
617 3285 741 3342 exercitu
756 3283 838 3340 venit.
877 3280 944 3350 Non
958 3297 1113 3355 unquamm

146 3365 216 3425 alias
229 3365 293 3423 aute
306 3374 399 3422 unius
421 3375 508 3422 terror
531 3374 657 3422 senatum
680 3361 796 3418 invasit:
829 3356 900 3416 adeb
922 3357 1013 3416 valida
1035 3377 1083 3418 res

146 3455 206 3502 tum
220 3443 338 3501 Clusina
357 3451 425 3509 erat,
434 3454 438 3458 ’
447 3459 633 3519 magnumque
647 3441 775 3496 Porsenae
788 3449 900 3496 nomen.
939 3435 1003 3493 Nec
1018 3434 1085 3496 bose'

146 3532 190 3579 tes
210 3520 293 3580 modo
318 3520 463 3587 timebant,
490 3520 539 3577 sed
565 3529 689 3576 suosmet
714 3517 766 3592 ipsi
786 3517 869 3582 cives,
891 3531 928 3570 ne
951 3513 1088 3574 Romana·

52 3643 55 3648 .
146 3598 234 3673 plebs,
248 3609 324 3656 metu
341 3597 477 3673 perculsa,
501 3595 619 3671 receptis
642 3595 672 3651 in
694 3595 792 3651 urbem
812 3591 932 3667 regibus,
953 3593 996 3650 vel
1015 3611 1081 3651 cum

148 3677 279 3733 servitute
292 3693 391 3752 pacem
405 3675 552 3748 acciperet.
593 3673 684 3730 Multa
703 3673 787 3746 igitur
806 3670 997 3728 blandimenta
1008 3671 1116 3748 plebia

148 3769 197 3831 per
210 3752 359 3828 idtempus
371 3751 516 3851 obsonato
529 3753 610 3810 data:
632 3767 766 3811 annone.
777 3746 912 3823 imprimis
930 3750 1024 3808 babila
1035 3765 1088 3806 eus
