2622 4194
516 347 655 414 imbui.
686 359 825 412 brbxxrx.
1001 390 1003 394 .
1053 353 1055 362 '
1101 357 1144 420 zi

117 553 124 558 .
207 501 333 582 “ergno,
347 506 470 566 omnium
484 501 656 565 Albanorum
670 516 727 565 est:
749 505 850 562 ducem
863 501 952 560 secuti
966 511 1047 570 sunt;
1066 489 1099 559 ut
1112 514 1139 561 et

211 585 231 620 “
242 604 297 651 ros,
311 587 335 642 si
347 586 401 660 qud
415 601 468 662 ego
481 587 546 643 inde
554 605 655 661 agmen
669 584 809 642 declinare
823 582 980 650 voluissem,
994 581 1141 637 fecissetis.

212 662 344 720 “Mettus
357 664 403 721 ille
424 675 466 722 est
486 665 582 722 ductor
595 664 702 720 itineris
723 662 814 738 hujus,
836 660 941 716 Mettus
962 659 1037 715 idern
1058 659 1141 734 hujus

212 741 231 775 “
241 743 410 800 machinator
417 739 491 810 belli,
503 743 609 800 Mettus
618 742 730 798 soederis
738 739 861 798 Romani
871 737 1028 811 Albanique
1036 746 1141 811 ruptor.

190 821 230 874 ⁵“
240 819 353 878 Audeat
365 821 466 878 deinde
479 821 544 878 talia
557 821 636 888 alius,
653 819 706 877 nisi
720 820 749 876 in
770 819 846 874 hunc
867 817 975 892 insigne
987 817 1044 890 jam
1058 817 1144 872 doctr·

211 900 364 954 “mentum
387 899 545 956 mortalibus
565 899 696 955 dedero.’'
746 895 931 955 Centuriones
952 893 1049 950 armati
1070 893 1144 951 Met-

210 986 269 1032 tum
295 977 520 1034 circumsistunt:
563 995 612 1034 rex
638 987 747 1047 caetera,
775 986 805 1030 ut
830 992 907 1030 orsus
928 982 1001 1044 erat,
1027 972 1143 1048 peragit.

210 1057 228 1088 ‘¹
239 1054 324 1114 Quod
349 1055 460 1127 bonum,
482 1056 612 1125 faustum,
634 1055 755 1129 felixque
776 1052 812 1109 sit
836 1051 937 1126 populo
957 1051 1088 1107 Romano
1109 1069 1144 1108 ae

211 1133 229 1166 “
241 1132 317 1202 mihi,
331 1133 470 1208 vobisque,
493 1133 609 1202 Albani3
638 1134 769 1208 populum
790 1147 901 1188 emnem
922 1129 1064 1186 Albanum
1085 1129 1145 1186 Re·

179 1213 314 1266 10“mam
327 1212 472 1268 traducere
486 1213 515 1268 in
536 1212 699 1280 animoest;
729 1210 869 1266 civitatem
892 1207 1061 1282 dereplebi;
1090 1206 1146 1282 pri-

214 1291 232 1323 “
245 1305 331 1344 mores
345 1289 373 1344 in
387 1289 482 1346 Patres
496 1289 605 1363 legere3
627 1305 711 1344 unam
725 1289 831 1354 urbem,
846 1305 930 1342 unam
945 1285 1145 1359 rempublicam

169 1409 170 1416 κ
213 1369 233 1436 ,“
247 1365 346 1422 secere.
385 1367 423 1423 Ut
435 1385 471 1422 ex
482 1387 540 1423 uno
553 1367 733 1440 quondamr'n
747 1367 816 1422 duos
829 1364 944 1440 populos
958 1364 1045 1419 divisa
1059 1362 1146 1420 Alba·

213 1447 232 1480 ‘·'
243 1462 279 1500 na
293 1462 336 1499 res
349 1455 400 1511 est,
415 1445 455 1500 sic
475 1463 551 1501 nunc
575 1445 603 1500 in
626 1463 712 1502 unum
734 1443 858 1500 redeat.’'
899 1442 944 1497 Ad
959 1443 1020 1498 haec
1035 1442 1148 1500 Albana

214 1522 309 1598 pubes,
324 1522 437 1579 inermis
451 1523 485 1579 ab
499 1523 610 1580 urnratis
624 1535 709 1596 septa,
724 1523 753 1602 ip
768 1522 848 1577 variis
861 1519 1057 1586 voluntatibus,
1072 1539 1147 1577 com·

182 1601 290 1656 15muni
304 1611 395 1656 tamen
410 1611 485 1658 metu
509 1611 636 1677 cogente,
651 1601 791 1656 silentium
812 1609 895 1655 tenet.
936 1595 1012 1654 Tum
1034 1598 1146 1665 Tullus,

214 1683 232 1713 “
245 1678 330 1734 Mette
345 1679 476 1746 Full'eti‚'’
491 1680 589 1754 inquit,
611 1682 630 1714 “
638 1680 661 1735 si
683 1679 740 1752 ipse
761 1679 869 1734 discere
890 1695 984 1751 posses
1008 1677 1090 1732 iidem
1113 1695 1147 1734 ac

213 1763 231 1792 “
243 1756 348 1816 loedera
360 1777 477 1830 servare,
491 1758 551 1814 vivo
564 1756 614 1815 tibi
628 1776 662 1813 ea
679 1756 827 1832 disciplina
839 1775 856 1812 a
869 1775 914 1811 me
928 1755 1051 1812 adbibita
1064 1765 1146 1812 esset.

213 1839 232 1871 ‘⁴
243 1835 338 1902 Nunc,
353 1837 482 1910 quoniam
495 1847 574 1892 tuum
595 1835 749 1892 insanabile
772 1835 917 1909 ingenium
938 1844 989 1899 est,
1013 1843 1042 1889 at
1054 1844 1084 1889 tu
1098 1845 1147 1890 tuo

215 1919 232 1950 ‘⁶
243 1913 377 1987 supplicio
390 1915 459 1970 doce
473 1915 628 1970 humanum·
639 1929 728 1988 genus
751 1931 785 1968 ea
808 1922 905 1968 sancta
917 1912 1041 1977 credere,
1055 1930 1117 1984 quar
1131 1931 1149 1968 a

178 1992 468 2049 ‘2³⁶‘revi01atasunt
508 1991 545 2048 Ut
560 1992 641 2066 igitur
655 1989 736 2065 pauld
749 1988 813 2046 antd
837 1990 960 2046 animum
981 1989 1053 2045 inter
1066 1988 1149 2045 Fide-

215 2077 234 2106 “
246 2080 338 2125 natem
351 2068 562 2142 Romanamque
576 2088 634 2124 rem
652 2068 801 2172 ancipitqm
822 2067 944 2141 gessisti,
962 2067 1001 2124 ita
1019 2067 1076 2141 jam
1091 2085 1149 2124 cor·

216 2155 234 2184 ⁴‘
247 2166 298 2222 pus
320 2145 421 2219 passim
442 2146 648 2202 distrahendum
665 2147 761 2201 dabis)
820 2145 943 2214 Exinde,
967 2145 1075 2201 duabus
1102 2147 1152 2202 ad·

216 2226 299 2284 motis
312 2221 461 2298 quadrigis,
477 2222 505 2278 in
519 2241 616 2278 currus
635 2241 731 2278 earum
745 2223 895 2278 distentum
909 2222 996 2296 illigat
1010 2223 1151 2281 Mettum:

217 2304 318 2362 deinde
333 2304 360 2358 in
375 2301 513 2356 diversum
538 2299 588 2356 iter
602 2299 665 2373 equi
684 2299 824 2365 concitati,
846 2300 969 2354 lacerum
994 2300 1023 2356 in
1037 2316 1152 2374 utroque

180 2387 299 2441 25curru
313 2399 420 2455 corpus
442 2379 497 2452 qud
519 2379 685 2434 inhaeserant
705 2375 825 2432 vinculis
848 2375 982 2449 membra,
1003 2388 1154 2452 portantes.

218 2455 350 2518 avertere
373 2476 470 2514 omnes
493 2463 510 2512 a'
532 2457 607 2512 tanti
631 2455 755 2510 soeditate
779 2454 931 2528 spectaculi
950 2457 1054 2513 oculos.
1094 2457 1155 2522 Pir,

156 2559 160 2566 ’
218 2558 293 2596 mum
308 2537 488 2608 ultimumque
503 2533 569 2590 illud
594 2532 759 2607 supplicium
784 2533 856 2606 apud
875 2533 1021 2590 Romanos
1034 2537 1157 2611 exempli

218 2635 313 2692 parum
328 2613 457 2670 memoris
480 2613 572 2687 legum
593 2613 778 2668 humanarum
801 2611 872 2668 luit:
906 2613 935 2668 in
960 2612 1022 2673 aliis
1043 2615 1158 2698 gloriari

218 2698 293 2766 lieet,
307 2693 376 2749 nulli
390 2691 513 2768 gentium
527 2691 649 2747 mitiores
662 2689 799 2764 placuisse
813 2709 921 2766 poenus.
1057 2691 1059 2696 ’

186 2856 210 2894 ³⁰
258 2849 371 2907 XXIX.
392 2848 468 2905 Inter
481 2849 542 2905 baec
554 2848 611 2924 jam
624 2847 758 2923 praemissi
773 2851 876 2909 Albam
890 2865 969 2910 erant
979 2853 1096 2929 equites,
1110 2856 1165 2933 qui*

220 2927 425 2986 multitudinem
439 2929 615 2984 traducerent
629 2927 759 2983 Romam.
800 2930 940 3006 Legiones
949 2931 1050 2988 deinde
1064 2935 1158 2996 duotae

187 3005 255 3064 ’'ad
269 3005 432 3063 diruendam
446 3005 553 3061 urbem.
592 3005 667 3065 Quae
682 3005 728 3061 ubi
743 3005 883 3067 intravere
903 3019 1006 3082 portas,
1028 3029 1084 3068 non
1098 3015 1160 3088 qui·

201 3131 206 3142 .
220 3085 283 3142 dem
298 3085 349 3140 luit
361 3083 495 3140 tumultus
513 3083 570 3154 illc,
590 3102 644 3139 nec
664 3099 757 3157 paror,
779 3088 870 3160 quadis
883 3099 1024 3160 captarum
1038 3107 1100 3146 esse
1114 3111 1160 3150 ur·

193 3147 297 3234 {bium
311 3162 394 3230 solet;
428 3179 523 3235 quum,
546 3160 667 3217 effractis
688 3162 783 3234 portia,
808 3165 933 3222 stratisve
954 3165 1038 3222 ariete
1060 3169 1158 3243 muris,

193 3283 207 3298 ,.
221 3252 269 3298 aut
282 3259 345 3296 arce
359 3240 385 3294 vi
400 3241 487 3314 capti,
503 3239 605 3294 clamor
619 3239 725 3296 hostilis
739 3252 768 3298 et
781 3262 879 3298 cursus
892 3261 941 3316 per
958 3243 1055 3302 urbem
1069 3265 1160 3303 arma·

138 3323 141 3336 '
189 3299 309 3376 iarum
323 3315 417 3385 omnia
430 3317 502 3373 ferro
520 3315 685 3390 flammaque
708 3319 827 3376 miscete
856 3321 904 3376 sed
926 3321 1066 3378 silentium
1080 3323 1157 3380 triste

195 3383 210 3471 Ξ
224 3415 257 3452 ac
269 3395 491 3453 taeitsmoestitia
504 3395 542 3451 ita
555 3395 650 3451 defixit
668 3397 794 3454 omnium
818 3398 933 3466 animos
956 3411 995 3466 ut,
1009 3419 1066 3474 prae
1081 3410 1157 3458 metu

189 3473 309 3540 “oblim
323 3473 388 3548 quid
403 3471 598 3546 relinquerent,
613 3473 680 3546 quid
695 3493 791 3532 seeum
805 3475 916 3542 ferrent,
930 3477 1078 3534 deficiente
1092 3497 1159 3536 con·

224 3551 294 3617 silio,
306 3549 508 3626 rogitantesque
521 3550 566 3607 alii
582 3551 660 3616 alios,
672 3571 748 3608 nuno
762 3554 791 3610 in
799 3553 941 3611 liminibus
952 3564 1064 3621 starent,
1078 3573 1159 3615 nunc

190 3628 372 3694 merrabundi
386 3629 482 3686 domos
496 3645 569 3699 suas,
582 3629 711 3686 ultimum
733 3631 801 3686 illud
822 3631 914 3698 visuri,
933 3645 1158 3707 pervagarentur.

224 3707 263 3764 Ut
275 3704 340 3762 verd
351 3706 407 3781 jam
420 3707 544 3782 equitum
562 3705 665 3764 clamor
685 3708 762 3764 exire
780 3709 937 3784 jubentium
960 3709 1088 3775 instabat,
1100 3712 1158 3784 jam

225 3785 316 3862 fragor
336 3793 479 3856 teritorum,
503 3803 565 3920 qqpp
589 3785 781 3859 diruebantur,
808 3787 910 3863 ultimis
934 3785 1009 3843 urbis
1034 3789 1159 3861 partibus
