2622 4194
13 164 62 296 s?
158 141 160 146 ‘

167 333 207 406 gp
313 393 317 400 ,
550 325 616 391 int
632 327 714 390 mm

169 481 213 545 lus
233 483 353 542 creavit:
380 483 474 541 Patres
494 483 570 541 lutire
590 493 725 541 auctores.
765 481 866 540 Numae
885 465 1083 558 Pompilii
1026 497 1133 561 rogus-,r

169 577 265 639 nepos,
280 563 337 621 filit
348 574 433 634 ortus,
447 563 545 619 Ancus
559 561 682 620 Marcius
695 570 772 619 erat:
802 560 858 635 qul,
872 565 902 617 'ut
916 579 1032 636 regnare
1045 581 1100 619 coe·
1113 594 1128 637 ρ

167 642 218 717 pit,
241 651 270 698 et
292 641 370 699 avita
393 641 487 717 gloriae
509 659 623 707 memor,
649 649 677 696 et
702 639 767 714 quia
790 639 948 728 proximum
972 654 1132 740 regnum:

167 729 269 777 caetera
281 720 432 795 egregium,
447 719 481 775 ab
495 721 551 775 unia
564 730 640 793 parte
654 718 728 774 haud
747 718 813 774 satis
827 735 985 792 prosperum
999 703 1131 820 fuerans

167 809 215 855 aut
227 798 362 874 neglectis
375 797 563 873 religionibus,
578 807 626 853 aut
638 815 720 872 preve
712 795 834 864 icultis3
854 796 936 885 longe
945 792 1127 877 antiquissig

166 894 243 932 mum
270 887 354 942 ratus,
375 894 453 931 sacra
473 875 592 950 publica,
614 887 645 931 ut
672 875 707 930 ab
733 874 830 930 Numai
856 874 981 930 instituta
1010 883 1129 951 erant..

165 953 275 1023 lacere3
308 953 402 1011 omnia
421 971 454 1009 ea
484 973 518 1010 ex
545 953 750 1009 commentariis
776 951 850 1028 regis
879 951 1076 1026 pontificems
1068 966 1129 1019 rn··

155 1031 258 1088 'album
272 1032 357 1088 relata
360 1050 531 1106 ,proponere
546 1032 574 1087 in
597 1031 710 1112 publico
725 1031 822 1106 jubet:
853 1030 918 1086 inde
942 1040 970 1086 et
991 1031 1098 1087 civibus
1128 1053 1132 1073 ι’

164 1110 212 1166 otii
226 1110 343 1199 cupidis,
358 1121 386 1167 et
399 1109 522 1166 finitimis
545 1103 710 1178 civitatibus,
730 1109 803 1164 lacta
816 1127 887 1183 spes,
902 1109 929 1164 in
944 1108 987 1164 avi
1007 1126 1098 1165 mores

163 1197 245 1262 atque
258 1189 383 1245 instituta
397 1206 490 1277 regem
506 1188 654 1244 abiturum
694 1186 783 1261 Igitur
796 1186 899 1258 Latini,
908 1205 973 1242 curn
986 1187 1096 1260 quibuS,
1107 1207 1130 1246 ro

163 1265 248 1323 Tullo
261 1278 403 1342 regnante,
419 1267 504 1322 ictum
526 1266 614 1322 loedus
628 1275 694 1332 erat,
716 1265 883 1321 sustulerant
903 1265 1027 1321 animos:
1060 1276 1096 1336 et,

162 1357 246 1417 quum
260 1344 446 1401 incursionem
460 1344 489 1399 in
503 1361 598 1418 agrum
620 1343 781 1399 Romanum
795 1343 936 1408 iecissent,
951 1343 1096 1416 repetenti·

72 1485 74 1490 .
161 1420 215 1478 bus
227 1441 271 1478 res
283 1422 419 1479 Romanis
433 1421 549 1496 superbe
564 1440 726 1496 responsum
740 1421 879 1488 reddunt;
900 1420 1024 1477 desidem
1038 1422 1096 1478 Ro·

161 1509 275 1557 inanum
286 1517 380 1576 regem
389 1500 459 1556 inter
471 1499 571 1556 sacella
582 1510 610 1556 et
621 1519 681 1555 aras
695 1510 821 1555 acturum
835 1517 896 1554 esse
908 1517 1023 1572 regnum
1035 1499 1094 1556 rati.

161 1573 288 1634 Medium
297 1590 355 1634 erat
368 1579 397 1634 in
408 1579 507 1634 Anco
500 1578 653 1652 ingenium,
662 1588 690 1633 et
701 1577 730 1632 N
733 1595 803 1631 unrae
812 1587 839 1632 et
847 1576 961 1632 Romuli
972 1596 1094 1634 memor:
1105 1597 1127 1637 rs

160 1666 188 1710 et
190 1667 390 1729 ,praeterquam
403 1654 475 1728 qudd
489 1656 531 1710 avi
545 1673 631 1729 regno
645 1655 733 1728 magis
751 1653 936 1710 necessariam
951 1654 1035 1711 fuisse
1049 1675 1096 1730 pa·

160 1749 222 1789 cem
241 1733 378 1803 credebat,
403 1751 487 1806 quum
512 1733 540 1788 in
562 1751 640 1801 novo,
661 1742 720 1788 tum
742 1732 826 1788 feroci
847 1732 967 1806 populo;
1000 1735 1094 1804 etiam,

159 1811 231 1884 quod
250 1811 289 1867 illi
309 1811 471 1886 contigisset
490 1811 586 1876 otium,
608 1811 668 1866 sine
689 1809 791 1886 injurii
815 1809 843 1865 id
865 1828 894 1866 se
918 1811 992 1866 haud
1013 1811 1094 1868 sacili

159 1887 336 1946 habiturum:
357 1889 457 1945 tentari
470 1889 642 1963 patientiam,
656 1897 684 1944 et
697 1898 829 1944 tentatam
844 1889 985 1944 contemni
997 1908 1003 1943 :
1025 1900 1094 1946 tem·

157 1983 277 2041 poraque
290 1985 351 2024 esse
365 1966 449 2024 Tullo
462 1967 521 2042 regi
545 1966 658 2040 aptiora,
671 1964 754 2039 quim
778 1967 889 2022 Numae.
930 1965 967 2022 Ut
989 1977 1127 2035 ramento

158 2046 297 2134 quoniam
301 2045 396 2101 Numa
416 2045 444 2101 in
464 2063 534 2119 pace
554 2044 702 2120 religiones
722 2043 893 2111 instituisset,
909 2063 967 2100 ase
987 2044 1093 2102 bellice

158 2122 323 2179 caerimoniae
336 2125 534 2198 proderentur,
556 2142 609 2179 nec
620 2133 782 2198 gererentur
790 2121 886 2192 solum,
898 2123 946 2179 sed
958 2123 1041 2179 etiam
1052 2124 1093 2180 in·

157 2199 315 2258 dicerentur
329 2202 400 2276 bella
414 2202 504 2276 aliquo
517 2201 587 2270 ritu3
606 2201 651 2278 jus
662 2201 697 2257 ab
711 2201 823 2275 antiquit
833 2211 917 2275 gente
929 2201 1090 2274 AEquicolis,

156 2280 228 2352 quod
249 2299 325 2336 nunc
349 2280 460 2336 feciales
484 2280 595 2351 habent,
620 2279 773 2354 descripsi-,t
798 2298 851 2351 quo
865 2297 908 2334 res
921 2291 1089 2352 repetuntur

155 2355 286 2449 Legatus‚
311 2359 358 2415 ubi
381 2359 506 2415 adfines
532 2377 627 2415 eorum
650 2357 735 2423 venit,
759 2357 833 2412 unde
856 2375 900 2420 res
920 2367 1089 2463 repetuntur,
1098 2377 1123 2416 at

155 2437 245 2508 'capite
259 2437 347 2492 velato
360 2437 405 2492 filo
428 2436 511 2508 (lanae
525 2435 649 2490 velamen
664 2435 730 2510 est),
756 2435 775 2467 “
786 2433 873 2506 Audi,
887 2435 905 2490 J
908 2437 1023 2510 uprter,
1049 2438 1090 2494 in·

154 2513 230 2584 quit;
251 2516 268 2547 “
280 2510 383 2578 audite,
396 2512 491 2567 fines’'
518 2509 731 2586 (cujuscumque
754 2512 846 2586 gentis
859 2525 924 2569 sunt
937 2515 1088 2592 nominat);
1138 2513 1145 2520 “

154 2593 173 2623 “
185 2591 279 2649 audiat
299 2591 347 2646 sas.
388 2589 450 2664 Ego
470 2607 531 2645 sum
551 2589 680 2664 publicus
698 2590 812 2647 nuntius
832 2592 924 2665 populi
946 2592 1088 2650 Romani:

154 2669 173 2702 “
180 2668 252 2743 juste
266 2668 365 2743 pieque
378 2667 484 2742 legatus
498 2669 585 2738 venio,
601 2669 744 2742 verbisque
757 2668 826 2724 meis
840 2669 908 2726 fides
921 2670 984 2725 sit.'’
1025 2671 1088 2728 Per·

149 2747 211 2822 'agit
224 2747 325 2804 deinde
339 2747 482 2822 postulata.
523 2746 593 2802 Inde
607 2747 703 2803 Jovem
725 2757 824 2803 testem
838 2747 923 2804 facit:
963 2749 1021 2806 “Si
1035 2751 1087 2824 ego
1096 2767 1120 2806 eo

152 2825 170 2860 “
182 2825 283 2901 injuste
298 2824 435 2900 impiique
458 2824 519 2880 illos
543 2825 669 2881 homines
683 2825 796 2899 illasque
810 2844 854 2882 res
874 2825 969 2884 dedier
989 2831 1087 2884 nuntio

152 2905 274 2978 “populi
298 2903 421 2961 Romani
444 2902 512 2958 mihi
526 2922 654 2977 exposco,
678 2913 737 2960 tum
750 2904 845 2978 patriae
866 2916 1020 2980 compotem
1041 2925 1085 2962 me

151 2981 322 3056 “nunquam
345 2981 406 3038 siris
431 2981 520 3037 essc.'’
575 2981 655 3054 Hcrc,
682 3001 767 3056 quum
795 2983 864 3038 lines
884 2983 1084 3056 suprascandit,

150 3057 212 3116 haec
235 3061 401 3134 quicumque
421 3060 448 3116 ei
468 3059 572 3133 primus
592 3059 632 3115 vir
652 3060 748 3117 obvius
771 3060 862 3126 luerit,
889 3061 957 3130 hmo,
978 3072 1084 3134 portam

150 3137 320 3212 ingrediens,
342 3139 412 3210 lraec,
439 3138 527 3194 lorum
554 3138 701 3212 ingressus,
728 3139 824 3212 paucis
844 3137 934 3194 verbis
954 3139 1117 3196 carminises

151 3214 381 3288 concipiendique
394 3216 574 3290 jurisjurandi
590 3216 710 3283 mutatis,
725 3215 840 3291 peragit.
870 3216 900 3272 Si
914 3217 1084 3274 rrondedun·

149 3301 203 3361 tur,
217 3312 284 3368 quos
294 3295 427 3383 exposcit,
439 3294 537 3350 diebus
550 3294 637 3350 tribus
648 3306 675 3351 et
685 3295 798 3370 triginta
810 3295 861 3368 (tot
870 3294 943 3351 enim
956 3295 1084 3354 solennes

149 3372 226 3450 sunt)
241 3371 370 3446 peractis,
394 3371 524 3428 bellum
517 3383 556 3429 rta
578 3372 695 3430 indicit:
735 3376 754 3408 ‘⁴
764 3371 849 3443 Audi
870 3373 987 3448 Jupiter,
1001 3384 1029 3430 et
1041 3385 1081 3443 tu,

149 3449 264 3522 “Juno,
276 3449 408 3517 Quirine,
423 3450 523 3525 Diique
543 3455 640 3507 omnes
652 3450 795 3518 coelestes,
817 3469 917 3529 vosque
930 3463 1081 3526 terrestres,

149 3527 280 3601 “vosque
294 3527 405 3594 inferni,
420 3529 521 3586 audite
562 3528 624 3603 Ego
644 3549 692 3586 tos
710 3540 806 3601 testor,
826 3530 957 3605 populum
977 3531 1115 3594 illum'’ao

150 3601 331 3680 (quicumque
345 3615 396 3672 est,
409 3607 547 3695 nominat)
561 3607 728 3703 “injustum
739 3626 813 3674 esse,
823 3626 912 3681 neque
923 3608 969 3684 J'us
981 3609 1082 3685 persol-

144 3679 252 3738 “‘vere.
293 3684 350 3741 Sed
370 3684 404 3739 de
425 3683 484 3740 istis
504 3686 606 3743 rebus'
599 3705 627 3742 ιη
645 3685 733 3760 patriai
746 3685 863 3790 majqres
876 3697 943 3743 natu
956 3687 1081 3746 consule·

148 3761 168 3796 “
178 3778 249 3832 mus,
263 3776 317 3836 quo
329 3769 411 3839 pacto
421 3760 467 3837 jus
479 3773 602 3821 nostrum
616 3763 828 3841 adipiscamur?
869 3762 942 3823 Cum
956 3767 998 3824 his
1012 3783 1083 3824 nun·
