2638 4206
144 333 198 400 124
464 357 468 366 ‹
513 306 589 390 Ιτιτι
605 341 687 391 iarn
784 316 788 327 ’

141 481 326 556 nequidquam
347 489 387 538 tut
410 481 535 538 cladibus
554 484 672 550 territos,
697 503 750 540 nec
770 483 888 541 flexuros
908 485 942 540 ad
957 485 1075 542 deditio·

140 577 204 617 nem
219 559 333 628 animos,
345 559 375 614 ni
386 558 632 628 risadhiberetnr3
653 562 769 636 experiri
779 562 883 628 ultima,
897 572 925 618 et
939 563 1073 637 impetum

139 638 231 694 facere
246 636 274 692 in
295 655 397 704 arcem,
418 647 549 694 statuunt.
590 638 683 694 Primi
703 640 773 708 luce,
789 640 868 714 signo
886 640 957 706 dato,
981 641 1073 696 multi-

137 716 205 772 tudo
217 714 308 771 omnis
321 715 350 770 in
366 714 424 770 soro
438 714 597 773 instruitur:
629 717 703 782 inde,
718 718 837 773 clamore
851 718 957 774 sublato
971 737 1004 773 ac
1019 729 1071 774 tes-

83 842 86 848 .
136 792 233 850 tudine
247 792 326 861 lacti,
338 791 476 848 subeunt:
504 795 633 850 adversus
653 813 721 868 quos
742 795 863 851 Romani
878 795 946 852 nihil
966 795 1070 852 temere
1091 821 1105 858 5

136 888 190 927 nec
204 870 318 944 trepide,
331 869 365 925 ad
378 887 475 926 omnes
489 872 580 928 aditus
600 873 762 929 stationibus
781 873 903 942 firmatis,
917 874 971 946 quai
991 873 1070 948 signa

135 948 199 1004 ferri
214 947 351 1016 videbant,
366 948 397 1002 ei
412 949 508 1004 robore
532 950 648 1006 virorum
670 951 793 1024 opposito
816 951 950 1006 scandere
964 953 1068 1026 hostem

136 1027 248 1093 sinn'nt3
268 1025 323 1098 qud
336 1027 502 1082 successerit
515 1028 603 1101 inagis
624 1029 651 1084 in
666 1030 790 1098 arduum,
805 1027 837 1084 eb
852 1029 915 1102 pelli
930 1047 1007 1102 posse
1021 1046 1069 1102 per

134 1103 254 1178 proclive
269 1101 445 1160 sacilirisrati.
487 1105 582 1160 lllcdio
595 1103 652 1161 ferd
671 1107 743 1162 clivo
763 1107 906 1162 restitere:
935 1117 1014 1178 atque
1028 1105 1070 1160 in-

134 1183 169 1249 de
184 1201 217 1237 ex
232 1181 293 1237 loco
306 1181 454 1254 superiore,
468 1183 514 1254 qui
528 1181 611 1257 prope
625 1185 676 1239 sud
699 1195 795 1258 sponte
809 1184 838 1240 in
852 1185 956 1240 hostem
972 1183 1070 1240 inferc-
1080 1207 1103 1246 ro

69 1299 71 1310 ,
134 1259 191 1330 bat,
219 1259 325 1332 impetu
355 1258 437 1324 sacto,
466 1255 556 1334 strage
587 1279 620 1316 ac
650 1261 727 1317 ruini
756 1259 851 1317 tudere
883 1261 997 1328 Gallos;
1039 1272 1070 1317 ut

133 1355 275 1410 nunquam
296 1345 391 1410 postea
418 1355 471 1392 neo
501 1357 571 1411 pars,
600 1359 653 1395 nec
681 1339 800 1395 uniuersi
818 1339 994 1396 'tentaverint
1014 1339 1068 1394 tale

132 1433 234 1490 pugnae
260 1431 357 1488 genus.
410 1413 524 1471 Omissa
550 1416 641 1491 itaque
661 1437 708 1491 spe
735 1435 783 1491 per
814 1417 866 1472 rim
893 1427 973 1490 atque
994 1435 1069 1472 arma

134 1492 283 1558 subeundi,
305 1491 477 1548 obsidionem
496 1505 611 1567 parant;
642 1496 721 1570 cujus
735 1496 776 1550 'ad
797 1495 824 1550 id
845 1505 953 1568 tempus
974 1494 1068 1550 imme·

133 1587 232 1639 mores,
246 1580 283 1639 et,
297 1570 370 1642 quod
391 1569 419 1625 in
441 1571 507 1626 urbe
529 1571 617 1628 luerat
637 1573 813 1642 frumentum,
835 1571 972 1628 incendiis
994 1571 1066 1627 urbis
1077 1595 1101 1633 15

134 1648 354 1720 absumpserant,
381 1657 409 1702 et
429 1667 463 1704 ex
483 1650 556 1723 agris
584 1669 631 1722 per
662 1651 734 1723 ipsos
763 1651 822 1705 dios
849 1659 957 1722 raptum
984 1667 1066 1704 omne
1119 1673 1122 1678 ·

133 1724 218 1798 Vajos
244 1735 311 1779 erat.
352 1724 450 1798 Igitur,
475 1726 600 1782 exercitu
624 1727 718 1795 diviso,
749 1728 847 1800 partim
867 1745 916 1800 per
936 1726 1067 1782 finitimos

131 1801 247 1877 populos
278 1801 394 1874 praedari
425 1801 538 1876 placuit,
572 1805 670 1878 partim
703 1805 829 1860 obsidere
869 1823 962 1859 arcem
977 1824 984 1871 ;
1037 1813 1067 1858 ut
1119 1867 1121 1882 ‚

132 1878 324 1937 obsidentibus
356 1877 524 1936 frumentum
552 1883 724 1955 populatores
750 1899 876 1956 agrorum
903 1881 1065 1954 praeberent.

131 1956 345 2013 Proficiscentes
358 1958 452 2014 Gallos
472 1959 507 2013 ab
527 1959 610 2025 Urbe,
632 1959 666 2014 ad
687 1959 845 2015 Romanam
868 1958 1098 2031 experiendamsa

131 2034 272 2104 virtutem,
298 2033 421 2091 Fortuna
441 2035 500 2108 ipsa
525 2037 655 2104 Ardeam,
682 2037 740 2100 ubi
756 2036 890 2092 Camillus
913 2035 1065 2105 exsulabat,

131 2111 226 2178 duxit3
246 2112 292 2184 qui
306 2113 427 2169 moestior
441 2113 478 2168 im
492 2113 728 2188 sortumipublicrl,
740 2115 821 2188 quim
835 2113 895 2183 suri,
905 2131 988 2186 quum
1004 2112 1065 2168 Diis

130 2188 343 2262 hominibusque
366 2191 531 2247 accusandis
549 2202 715 2262 senesceret,
737 2191 907 2264 indignando
927 2190 1065 2246 mirando·

130 2285 184 2340 que
197 2266 244 2321 ubi
258 2267 298 2322 illi
311 2267 361 2324 viri
375 2279 476 2334 essent,
498 2269 544 2342 qui
565 2287 660 2326 secum
682 2270 766 2344 Vejos
786 2269 962 2341 Faleriosque
976 2267 1064 2340 cepis·

130 2353 201 2409 sent,
216 2344 262 2417 qui
276 2345 330 2401 alia
343 2345 415 2403 bella
428 2345 522 2402 sortiris
545 2365 652 2421 semper
672 2347 753 2420 quim
775 2344 881 2401 feliciis
895 2345 1044 2419 gessissent
1056 2363 1096 2413 325

129 2422 244 2496 repente
259 2422 345 2489 audit,
359 2423 501 2480 Gallorum
526 2425 678 2480 exercitum
703 2425 858 2490 adventare,
880 2433 961 2495 atque
975 2423 1009 2477 de
1030 2441 1064 2478 eo

127 2499 241 2574 pavidos
255 2500 392 2556 Ardeates
405 2502 580 2557 consultare:
601 2521 655 2556 nec
668 2519 749 2558 secus
762 2499 845 2574 quam
859 2499 952 2563 divino
965 2499 1063 2573 spiritu

128 2584 228 2646 tactus,
239 2595 323 2648 quum
337 2596 367 2632 sa
388 2578 416 2633 in
431 2579 550 2634 mediam
572 2579 736 2636 concionem
758 2578 902 2644 intulisset,
924 2573 1061 2633 abstinere

128 2663 223 2710 suetus
237 2653 300 2710 ante
313 2655 414 2711 talibus
428 2656 571 2726 conciliis;

166 2810 272 2867 XLIV.
308 2819 326 2848 ‘⁸
338 2811 503 2879 Ardeates,’'
519 2813 617 2887 inquit,
641 2811 879 2880 “veteres'amici,
894 2810 957 2867 novi
978 2811 1094 2878 etiam30

127 2888 228 2945 “cives
241 2889 306 2956 mei,
321 2891 431 2964 quando
451 2901 479 2946 et
499 2901 617 2947 vestrum
638 2891 805 2948 beneficium
827 2890 863 2946 ita
877 2889 947 2954 tulit,
968 2899 995 2944 et
1009 2889 1075 2944 for·'

126 2974 221 3022 “tuna
242 2966 295 3024 hoc
315 2967 372 3042 egit
396 2986 466 3034 mea,
493 2987 576 3026 nemo
595 2970 713 3024 vestrum
737 2967 903 3024 conditionis
924 2983 993 3020 meae
1013 2965 1061 3020 ob·

126 3042 233 3099 “litum
256 3063 300 3101 me
322 3046 378 3102 huc
401 3045 566 3120 processisse
588 3057 684 3120 putet:
717 3045 766 3100 sed
789 3064 833 3100 res
853 3063 885 3099 ac
905 3041 1059 3115 periculum

126 3117 300 3177 “commane
314 3124 398 3198 cogit,
412 3123 485 3197 quod
499 3124 613 3198 quisque
627 3124 711 3198 possit
724 3123 752 3178 in
767 3141 796 3178 re
810 3121 916 3195 trepidi
929 3117 1058 3192 praesidii,

126 3206 144 3233 ‘⁴
153 3197 182 3254 in
197 3197 318 3254 medium
332 3202 466 3257 conferre.
507 3201 544 3258 Et
556 3201 666 3276 quando
679 3218 732 3274 ego
755 3200 831 3256 vobis
844 3215 892 3271 pro
905 3197 988 3252 tantis
1001 3213 1093 3264 ves-35

126 3275 202 3332 “tris
224 3275 255 3330 in
276 3293 320 3331 me
341 3278 446 3334 meritis
468 3278 585 3352 gratiam
605 3276 773 3348 reseram,‘si
793 3293 869 3332 nunc
889 3275 1057 3330 cessavero?

125 3361 201 3410 “aut
213 3353 261 3410 ubi
276 3371 342 3410 usus
355 3355 407 3410 erit
420 3357 475 3412 mei
499 3356 583 3426 vobis,
607 3356 631 3412 si
655 3356 683 3411 in
699 3355 770 3412 bello
783 3371 838 3410 non
853 3352 954 3409 fueriti
995 3352 1058 3408 Hac

125 3439 143 3467 ‘⁴
153 3442 210 3487 arte
225 3431 253 3487 in
267 3431 354 3506 patria
374 3433 455 3502 steti;
485 3443 521 3503 et,
537 3434 655 3491 invictus
670 3433 749 3501 bello,
763 3433 792 3489 in
805 3449 875 3506 pace
888 3430 923 3486 ab
942 3429 1059 3504 ingratis

124 3509 259 3566 “civibus
272 3509 366 3584 pulsus
380 3528 449 3566 sum.
490 3511 577 3567 Vobis
600 3523 702 3583 autem,
725 3511 869 3580 Ardeates,
888 3508 997 3564 fortuna
1010 3507 1058 3564 ob·

124 3586 207 3645 “lata
218 3599 268 3656 est,
292 3598 382 3662 etpro
395 3589 479 3645 tantis
501 3589 624 3663 pristinis
646 3589 738 3663 populi
760 3586 883 3644 Romani
902 3583 1092 3658 'beneficiiaw

125 3672 255 3737 “quaata
268 3665 319 3738 ipsi
343 3664 508 3722 meministis
536 3665 603 3741 (uec
616 3667 691 3724 euim
706 3664 981 3740 exprobranda·apud
1000 3681 1058 3720 me·
1111 3699 1114 3707 ·

123 3749 141 3777 “
150 3755 244 3801 mores
254 3742 343 3820 sunt),
364 3742 460 3817 gratiae
472 3743 634 3812 referende,
655 3755 684 3800 et
703 3744 769 3800 huic
782 3741 846 3799 urbi
857 3743 945 3798 decus
958 3741 1058 3818 ingens
