2620 4200
485 372 587 427 LIBER
601 371 706 427 xxv11.·
732 381 788 427 dan.
799 383 858 428 xus.
1075 379 1133 439 Μ

206 517 287 594 periti
300 537 390 578 rerum
404 519 556 595 Hispaniae,
571 520 671 577 “haud
685 540 750 579 eum
770 520 862 596 ignoto
885 520 959 576 duce
971 517 1004 575 O.
1018 517 1132 578 Nerone

209 605 446 672 “congressurum
458 618 464 666 3
499 599 546 654 sed
565 616 657 672 quem,
671 599 700 655 in
714 601 784 657 saltu
801 597 932 673 impedito
945 597 1133 671 deprehensus

209 674 313 741 “forte
328 677 399 732 haud
413 695 494 732 secus
508 675 590 749 quiam
611 695 736 752 puerum,
759 675 966 733 conscribendis
989 674 1133 733 fallacibus

209 753 439 810 “conditionibus
462 755 537 828 pacis
550 754 696 811 frustratus
713 753 865 811 elusis'set.’'
906 752 1009 809 Omnia
1031 753 1134 828 majora

187 828 289 885 setiam
303 849 366 888 vere
379 832 505 906 praesidia
524 833 651 902 hostiurn,
674 833 780 889 minora
800 851 858 899 sua,
880 841 956 889 metu
975 830 1132 906 interprete,

206 923 313 982 semper
326 909 355 966 in
366 910 502 967 deteriora
514 909 654 981 inclinato,
669 909 816 967 ducebant.

243 1062 334 1120 XLV.
367 1064 453 1137 Nero,
474 1077 617 1141 postquam
635 1067 692 1142 jam
716 1077 823 1124 tautum
849 1061 983 1124 intervalli
1002 1065 1036 1122 ab
1057 1065 1135 1124 hosts

206 1139 317 1210 fecerat,
331 1153 362 1199 ut
374 1142 466 1218 detegi
480 1145 626 1202 consilium
640 1145 705 1200 satis
726 1155 815 1201 tutum
828 1155 910 1212 esset,
925 1145 1021 1218 paucis
1034 1145 1134 1202 milites

207 1217 358 1292 alloquitur.
391 1221 493 1296 Negat,
509 1231 527 1257 ‘⁶
536 1222 618 1278 ullius
629 1222 775 1278 consilium
788 1222 958 1297 imperatoris
971 1222 1000 1278 in
1014 1223 1135 1296 speciem

175 1313 198 1353 10
209 1301 227 1332 “
237 1297 378 1370 audacius,
401 1316 431 1353 re
445 1298 504 1372 ipsi
524 1299 610 1355 tutius
623 1299 715 1370 luisse,
736 1299 818 1374 quiam
834 1319 923 1364 suum,
964 1299 1009 1357 Ad
1030 1311 1135 1356 certam

208 1378 282 1430 “eus
295 1393 325 1430 se
338 1375 479 1432 victoriani
493 1376 612 1438 ducere:
642 1378 741 1453 quippe
759 1379 793 1434 ad
813 1379 886 1452 quod
907 1377 1009 1434 bellum
1029 1378 1136 1453 collega

207 1453 289 1507 “non
304 1451 377 1524 ante,
390 1451 472 1526 qudm
492 1455 527 1510 ad
546 1455 699 1512 satietatem
719 1456 804 1530 ipsius
823 1456 946 1530 pediturn
960 1465 1040 1529 atque
1060 1454 1135 1529 equi·

206 1533 293 1585 “tum
306 1530 377 1586 date
391 1530 426 1586 ab
439 1542 536 1588 senatu
556 1533 644 1607 copiae
662 1533 778 1590 fuissent
797 1533 914 1608 majores
936 1533 1136 1590 instructiores-

206 1610 298 1679 “que,
311 1606 394 1680 quarn
415 1609 438 1664 si
459 1609 588 1666 adversus
608 1611 697 1685 ipsum
714 1611 902 1668 Hannibalem
916 1612 977 1682 iret,
997 1611 1137 1685 profectus

175 1689 226 1740 15“
237 1683 280 1750 sit,
295 1683 328 1740 ed
343 1685 424 1759 ipsos,
445 1696 696 1762 quantumcumque
717 1689 815 1745 virium
834 1700 1004 1746 momentum
1024 1685 1136 1744 addide-

206 1768 225 1799 “
233 1761 297 1833 rint,
318 1779 376 1818 rem
395 1763 505 1819 omriem
526 1764 714 1823 inclinaturosr.
767 1767 902 1822 Auditum
923 1765 1004 1822 modb
1024 1765 1053 1822 in
1074 1765 1135 1822 acie

207 1838 322 1914 “(nam,
335 1859 371 1896 ne
385 1841 448 1897 ante
470 1842 622 1914 audiretur,
645 1844 773 1902 daturum
793 1845 917 1977 operamp
939 1843 1054 1900 alterum
1069 1862 1135 1919 con·

208 1917 321 1972 “sulem
336 1927 362 1972 et
377 1918 491 1973 alterum
505 1920 657 1976 exercitum
670 1923 822 1991 advenisse,
837 1923 891 1977 hau
924 1921 1035 1977 dubiam
1050 1921 1136 1978 victo·

110 2003 112 2018 ¹
208 1993 303 2049 “riam
321 1993 465 2050 facturum.
505 1994 622 2052 Famam
643 1997 746 2054 bellum
766 1999 913 2064 conficere,
933 2009 961 2053 et
979 2016 1062 2071 parva
1079 2015 1141 2054 moe

173 2087 198 2126 ao
207 2075 226 2108 ‘⁶
235 2080 327 2126 menta
341 2071 369 2126 in
383 2089 460 2144 spem
472 2082 630 2148 metumque
651 2074 790 2151 impellere
810 2075 927 2132 animosa
963 2075 1063 2130 Gloriae
1076 2075 1140 2148 qni-⁴

208 2148 298 2202 “dem
311 2165 346 2202 ex
359 2167 388 2202 re
402 2149 473 2202 bene
487 2153 565 2220 gestis
587 2161 671 2218 partu>
694 2152 812 2200 fructum
834 2151 917 2217 prop&
937 2170 1047 2202 omnem
1062 2151 1138 2216 ipsus

207 2223 345 2279 “laturos
386 2224 509 2296 Semper,
523 2223 595 2296 quod
615 2231 781 2296 postremum
804 2221 942 2294 adjectum
965 2221 1008 2287 sit,
1029 2220 1056 2274 id
1076 2238 1139 2275 rem

208 2307 321 2357 “totam
334 2299 420 2355 videri
433 2301 555 2355 traxisse.
596 2297 718 2354 Cernere
739 2297 820 2372 ipsos,
841 2315 895 2370 quo
914 2312 1062 2360 concursu,
1081 2293 1141 2366 qud¹

208 2383 224 2415 ‘⁴
236 2377 426 2442 admiratione,
440 2395 493 2450 quo
507 2375 597 2433 lavore
618 2375 759 2433 hominum
780 2375 831 2431 iter
851 2391 930 2429 suum
953 2367 1139 2439 ademerant?

174 2455 245 2512 saliit
259 2454 396 2530 (Hercule
407 2455 428 2528 l)
443 2472 491 2528 per
512 2455 644 2510 instructa
656 2453 750 2511 omnia
768 2451 909 2510 ordinibus
924 2450 1039 2507 virorum
1057 2447 1142 2504 mults

135 2596 137 2599 ,
208 2551 350 2606 eramque,
364 2531 485 2605 undique
499 2551 533 2588 ex
546 2532 619 2607 agris
632 2530 789 2603 effusorum,
804 2531 874 2586 inter
887 2541 948 2586 vota
961 2539 987 2585 et
1001 2529 1097 2603 prebes
1108 2530 1138 2582 et

208 2610 304 2667 landes
318 2610 410 2666 ibant:
441 2609 501 2666 illos
514 2610 641 2684 presidia
659 2608 825 2683 reipublice,
847 2608 971 2666 vindices
984 2605 1059 2664 urbis
1079 2605 1138 2663 Ro·

210 2693 262 2744 rnr'c
284 2688 445 2760 imperiique
467 2688 656 2764 appellabant:
695 2687 724 2743 in
746 2687 853 2744 illorum
874 2686 956 2743 armis
979 2684 1138 2757 dextrisque

210 2783 288 2820 suam
309 2765 477 2837 liberiumque
500 2784 611 2821 suorum
631 2766 745 2822 salutem
766 2784 799 2820 ac
818 2765 971 2821 libertatem
991 2759 1138 2835 repositam

179 2861 280 2901 coesse.
321 2841 395 2897 Deos
417 2857 513 2898 omnes
532 2842 660 2916 Deaeque
683 2843 874 2916 precabantur,
894 2851 925 2897 ut
945 2839 999 2895 illis
1018 2839 1139 2896 sansturri

210 2920 272 2986 iter,
300 2915 417 2992 felixque
443 2937 544 2994 pugna,
565 2929 672 2976 matura
698 2937 732 2976 ex
758 2919 882 2976 hostibus
910 2915 1024 2973 victoria
1043 2926 1116 2972 esset
1130 2913 1150 2974 2*

211 2999 462 3070 damnarenturque
477 2997 527 3071 ipsi
540 3006 672 3067 votorum,
686 3017 746 3072 quae
760 3015 808 3072 pro
822 2998 854 3053 iis
868 2994 1073 3076 suscepissent3
1099 3003 1137 3065 ut,

140 3121 143 3130 .
211 3076 442 3150 quemadmodum
457 3094 531 3132 nune
545 3075 654 3132 solliciti
674 3085 902 3150 prosequerentur
914 3091 970 3139 eos,
985 3072 1024 3128 ita
1036 3087 1140 3145 paucos

211 3164 273 3228 post
298 3153 357 3209 dies
376 3152 433 3209 laeti
452 3153 596 3210 ovantibus
623 3154 736 3210 victorii
762 3152 870 3209 obviem
891 3151 969 3207 irent.
1019 3148 1140 3222 Invitarfe

178 3251 205 3291 as
214 3233 279 3288 inde
298 3250 347 3305 pro
367 3249 396 3286 se
410 3231 532 3305 quisque,
546 3240 574 3287 et
586 3231 692 3298 offerre,
706 3241 734 3286 et
747 3230 861 3304 fatigare
873 3228 1011 3303 precibus,
1026 3238 1065 3295 ut,
1078 3245 1140 3302 quae

213 3309 279 3384 ipsis
296 3309 481 3384 jumentisque
496 3309 556 3365 usui
570 3320 671 3382 essent,
694 3308 729 3365 ab
749 3327 778 3364 se
797 3305 966 3382 potissimum
980 3307 1139 3362 sumerent:
1164 3350 1167 3358 ,

213 3387 334 3462 benigne
357 3387 451 3443 omnia
470 3387 610 3444 cumulata
629 3388 704 3443 dare.
754 3384 892 3442 Modestia
905 3396 1009 3441 certare
1029 3383 1140 3454 milites,

213 3481 250 3522 ue
270 3465 335 3538 quid
354 3465 426 3521 ultra
444 3483 524 3521 usum
545 3465 731 3522 necessarium
751 3473 909 3520 sumerent:
942 3462 1010 3520 nihil
1030 3459 1140 3532 morari,

214 3559 270 3598 nec
289 3543 323 3598 ab
343 3543 429 3617 signis
449 3543 579 3599 absistere
592 3543 685 3599 cibum
706 3541 865 3616 capientes:
895 3540 969 3596 diem
983 3557 1015 3595 ac
1029 3547 1142 3595 noctem

183 3617 272 3680 coire:
291 3620 346 3691 vix,
358 3621 429 3694 quod
444 3621 509 3676 satis
522 3621 556 3676 ad
569 3621 693 3678 naturale
712 3619 877 3677 desiderium
898 3633 1040 3692 corporum
1058 3625 1141 3687 esset,

216 3696 301 3772 quieti
315 3698 388 3755 dare.
428 3698 465 3755 Et
477 3699 512 3754 ad
526 3698 659 3774 collegam
672 3697 803 3774 praemissi
817 3707 903 3766 erant,
924 3695 970 3772 qui
983 3693 1142 3751 nuntiarent

216 3776 373 3843 adventum,
393 3785 681 3852 percontarenturque,
701 3777 772 3834 clam
793 3795 828 3833 au
847 3773 946 3851 polim,
967 3771 1086 3830 interdiu
1106 3787 1142 3828 en
