2622 4194
144 325 197 389 <tt
549 317 617 374 nur
632 317 714 377 um

160 467 286 544 quietum
299 466 423 532 animum
435 459 604 526 stimulante.
645 465 725 526 Tulit
737 465 813 524 enim
825 475 855 522 et
876 463 1007 536 Romana
1018 461 1096 543 regia

160 546 276 605 sceleris
289 545 388 620 tragici
401 545 569 619 exemplum,
584 555 614 602 ut
634 545 717 604 taedio
736 563 834 620 regum
848 545 978 602 maturior
989 546 1096 604 veniret

161 625 293 692 libertas,
326 623 507 698 ultimumque
530 641 648 697 regnum
670 633 752 693 esset,
772 622 846 696 quod
869 621 973 678 scelere
987 634 1096 696 parturn

162 701 241 760 foret.
281 701 338 758 Hic
351 701 385 758 L.
399 701 570 775 Tarquinius
591 700 694 778 (Prisci
707 699 855 775 Tarquinii
877 700 951 776 regis
964 700 1036 758 filius
1050 720 1097 760 ne·

162 797 248 855 posue
273 779 362 850 luerit,
389 798 486 854 perum
512 779 615 853 liquet3
658 779 783 853 pluribus
808 788 902 836 tamen
928 779 1129 850 auctoribus,a

162 857 250 914 filium
276 856 425 936 ediderim)
456 857 567 915 fratrem
590 857 725 914 habuerat
743 857 882 914 Aruntem
902 855 1097 930 Tarquinium,

163 935 238 992 mitis
261 935 367 1009 ingenii
391 936 530 1010 juvenem.
584 936 637 992 His
660 932 900 1000 duobuaurante
920 933 1097 1004 dictumest,

163 1013 226 1070 duae
240 1013 351 1084 Tulliae,
365 1013 438 1087 regis
458 1013 530 1081 filie,
552 1023 712 1088 nupserant,
733 1024 762 1070 et
783 1013 849 1087 ipsae
871 1011 952 1087 longe
976 1012 1099 1086 dispares

163 1091 294 1148 moribus.
335 1091 418 1148 Forte
432 1091 471 1148 ite
483 1092 630 1158 inciderat,
645 1109 681 1147 ne
705 1091 761 1148 duo
783 1090 903 1148 violenta
915 1090 1030 1164 ingenia
1042 1109 1099 1148 ma.-

163 1168 293 1226 trimonio
310 1169 504 1244 jungerentur,
527 1170 646 1236 fortuni,
667 1169 761 1239 credo,
783 1168 877 1243 populi
900 1167 1031 1240 Romani,
1044 1166 1130 1242 quoto

164 1247 322 1305 diuturnius
336 1247 425 1304 Servii
442 1267 559 1322 regnum
573 1259 655 1318 esset,
679 1246 863 1320 constituique
877 1245 996 1302 civitatis
1009 1265 1099 1304 mores
1183 1245 1186 1252 ’

163 1334 285 1400 possent.
325 1326 489 1400 Augebatur
503 1325 578 1382 ferox
592 1325 696 1396 Tullia,
717 1325 785 1383 nihil
803 1325 924 1382 materiae
938 1323 967 1381 in
981 1324 1039 1382 viro
1052 1343 1099 1382 ne·

162 1421 218 1476 que
232 1401 266 1462 ed
280 1403 459 1477 cupiditatem
468 1422 558 1477 neque
572 1404 607 1460 ad
618 1403 764 1460 audaciam
777 1421 855 1470 esse3
876 1402 972 1458 totuin
983 1401 1098 1470 alterurn

165 1498 244 1538 versa
257 1481 450 1555 Tarquinium,
464 1500 528 1538 eum
539 1481 640 1549 unitari,
661 1500 726 1538 eum
747 1481 835 1538 virum
857 1480 960 1547 dicere,
975 1499 1009 1538 ac
1023 1480 1099 1554 regio

163 1559 300 1633 sanguiue
308 1571 414 1616 ortum:
428 1577 558 1634 spernere
569 1579 698 1629 sororem,
707 1557 791 1633 quod,
800 1557 887 1614 virum
897 1569 987 1627 nacta,
1002 1558 1131 1614 mulie-1⁵

166 1636 209 1693 bri
217 1648 338 1694 cessaret
346 1638 470 1693 audaciai.
492 1637 637 1694 Contrahit
646 1637 772 1692 celeriter
780 1635 995 1706 similitudoeos,
1004 1647 1034 1692 ut
1042 1635 1098 1692 fere

166 1713 207 1783 fit,
222 1714 324 1770 malum
343 1715 415 1770 malo
428 1715 619 1788 aptissimum:
649 1715 698 1770 sed
711 1713 821 1770 initium
835 1713 963 1770 turbandi
977 1713 1101 1770 omnine

166 1791 279 1846 soenrini
300 1802 389 1848 ortum
413 1803 462 1848 est.
503 1792 554 1861 Ee,
573 1791 688 1848 secretis
707 1791 757 1849 viri
771 1791 855 1848 alieni
868 1791 1024 1848 assuefacta
1044 1811 1100 1848 ser·

166 1868 305 1941 monibus,
318 1869 401 1926 nullis
421 1870 565 1926 verborum
589 1869 765 1928 coutumeliis
784 1887 908 1943 parcere,
932 1869 967 1925 de
987 1869 1044 1926 viro
1064 1869 1100 1925 ad

167 1945 288 2014 fratrem,
302 1948 337 2003 de
351 1966 442 2005 sorore
456 1948 491 2004 ad
506 1947 608 2017 virum3
639 1958 709 2004 etse
723 1945 825 2004 rectilis
843 1947 963 2017 viduam,
980 1946 1098 2024 etlilium
1108 1957 1133 1996 2⁰

166 2025 294 2082 coelibem
309 2025 430 2082 futurum
445 2025 529 2082 luisse
550 2027 729 2097 contendere,
749 2024 832 2100 quim
846 2043 910 2081 cum
929 2024 1025 2099 impari
1037 2025 1101 2100 jun·

166 2101 205 2175 gi,
220 2113 249 2158 ut
262 2104 516 2178 elanguescendum
538 2104 628 2160 alieni
651 2103 760 2180 ignavii
783 2114 864 2160 esset.
906 2103 936 2160 Si
959 2103 1011 2159 sibi
1024 2121 1098 2169 curn,

166 2197 222 2252 quo
234 2181 320 2256 digua
340 2195 423 2254 esset,
446 2182 494 2238 Dii
515 2180 656 2238 dedissent
679 2183 777 2250 virum,
797 2182 872 2239 domi
892 2200 921 2236 se
940 2179 1101 2255 propediem

168 2257 287 2315 visuram
301 2279 419 2336 reguum
432 2260 525 2330 fuisse,
539 2261 613 2334 quod
626 2262 699 2335 apud
713 2272 818 2335 patrem
832 2260 931 2319 videat.
966 2259 1101 2315 Celeriter
1156 2267 1167 2294 x

167 2335 373 2395 adolescentem
386 2357 443 2394 suae
458 2339 618 2396 temeritatis
632 2339 736 2412 implet
776 2337 872 2393 Aruns
889 2336 1060 2410 Tarquinius
1073 2345 1133 2392 et2⁵

168 2411 265 2470 Tullia
290 2417 380 2472 minor
406 2417 488 2489 prope
516 2416 684 2472 continuatis
714 2414 858 2471 funeribus
887 2433 971 2486 quum
1005 2415 1101 2470 domos

169 2505 269 2546 vacuas
283 2511 354 2548 novo
367 2493 541 2550 matrimonio
555 2493 696 2559 fecissent,
717 2493 872 2568 junguntur
885 2491 997 2566 nuptiis,
1013 2490 1101 2566 magis

168 2580 226 2622 non
239 2569 400 2642 prohibente
414 2569 518 2640 Servio,
532 2589 615 2644 quam
628 2571 804 2646 approbante.

208 2722 330 2783 XLVII.
363 2725 440 2784 Tum
453 2725 516 2784 verb
530 2727 559 2784 in
573 2727 633 2785 dies
645 2727 770 2786 infestior
790 2725 877 2785 Tullii
898 2740 1040 2799 senectus,
1061 2725 1102 2784 in·

169 2799 265 2859 festius
279 2805 363 2879 coepit
381 2823 498 2880 reguum
512 2823 592 2862 esse:
619 2805 676 2881 jum
690 2806 764 2864 euim
785 2807 820 2862 ab
840 2805 945 2863 scelere
965 2807 1000 2864 ad
1025 2805 1134 2864 atinum

169 2891 295 2952 spectare
309 2882 407 2939 mulier
420 2883 528 2952 scelus3
561 2903 615 2941 nec
630 2896 720 2950 nocte,
734 2903 788 2941 uec
802 2884 921 2941 interdiu
935 2884 1021 2940 virum
1036 2901 1101 2940 con·

168 2957 312 3028 quiescere
338 2961 403 3035 pati,
434 2980 470 3018 ne
502 2963 622 3036 gratuita
653 2964 790 3036 praeterita
821 2962 969 3037 parricidia
999 2971 1135 3034 cenenum

170 3035 189 3068 “
199 3035 265 3092 Non
278 3038 330 3095 sibi
344 3039 475 3110 defuisse,
490 3039 535 3097 cui
549 3050 634 3115 nuptu
647 3039 792 3108 diceretur,
816 3059 870 3097 nec
890 3059 954 3098 cum
967 3053 1021 3112 quo
1034 3037 1101 3094 teci·
1115 3039 1129 3080 ⁵²

170 3111 369 3173 “teserviret:
396 3117 526 3183 defuisse,
541 3118 630 3191 quise
653 3135 739 3192 regno
762 3117 878 3193 dignum
898 3128 1024 3194 putaret:
1053 3115 1100 3188 qui
1115 3101 1135 3204 ’ἐ
1220 3151 1223 3159 ·

170 3191 191 3224 “
201 3192 380 3266 meminisset,
394 3213 424 3252 re
437 3213 497 3252 esse
517 3195 605 3252 Prisci
629 3194 774 3268 Tarquinii
789 3197 895 3264 liliuma
922 3195 970 3269 qui
990 3193 1101 3263 habere,
1116 3207 1122 3218 ·

170 3268 282 3342 “quim
305 3289 424 3345 sperare,
447 3291 564 3347 regnum
585 3273 686 3330 mallet.
727 3273 758 3330 Si
781 3285 810 3330 tu
831 3275 855 3330 is
866 3293 907 3340 es,
928 3273 974 3330 oui
988 3271 1130 3345 nuptam?

172 3349 192 3382 “
202 3365 263 3404 esse
277 3366 322 3404 me
335 3349 458 3424 arbitror,
472 3363 501 3408 et
513 3351 600 3408 virum
621 3361 650 3408 et
672 3369 766 3426 regem
786 3344 911 3426 appello:
940 3351 983 3408 sin
998 3349 1101 3419 minias,
1116 3336 1136 3436 ἓ

171 3419 235 3482 “ed
257 3443 334 3484 nunc
355 3428 437 3502 pejus
460 3439 564 3486 mutata
583 3439 625 3486 est
647 3447 700 3496 res,
722 3428 794 3503 quod
814 3429 878 3488 istic
903 3447 968 3486 cum
994 3427 1136 3503 ignavia:

172 3505 244 3560 “est
263 3505 362 3564 scelus.
401 3505 481 3566 Quin
495 3507 673 3581 accingerisl
701 3507 766 3566 Non
780 3507 830 3564 tibi
844 3507 879 3564 ab
892 3506 1034 3573 Corintho,
1049 3525 1103 3572 uec
1193 3545 1197 3550 -

173 3583 192 3616 “
205 3581 239 3638 ab
263 3581 433 3658 Tarquiniis,
457 3594 488 3640 ut
508 3583 578 3658 patri
600 3595 657 3650 tuo,
678 3585 824 3661 peregriua
844 3603 931 3658 regua
952 3583 1042 3642 moliri
1055 3602 1138 3642 rue-m

172 3660 281 3716 “cesse
294 3673 343 3720 est
383 3659 431 3716 Dii
451 3671 478 3718 te
499 3662 618 3720 Penates
641 3663 783 3737 patriique,
806 3672 834 3719 et
853 3658 938 3737 patris
962 3663 1062 3738 imago,
1075 3669 1105 3716 et

126 3792 132 3798 .
172 3739 192 3774 “
202 3735 301 3796 domus
319 3738 410 3814 regia,¹
425 3747 454 3794 et
474 3738 502 3796 iu
525 3740 607 3797 domo
627 3741 720 3816 regale
740 3741 850 3810 solium,
862 3751 901 3800 «et
919 3760 1022 3800 nomen
1035 3737 1107 3796 Tar-
1149 3809 1151 3818 Ι

1142 3829 1153 3868 t
