<?xml version="1.0" encoding="UTF-8"?>
<!DOCTYPE html PUBLIC "-//W3C//DTD XHTML 1.0 Transitional//EN"
    "http://www.w3.org/TR/xhtml1/DTD/xhtml1-transitional.dtd">
<html xmlns="http://www.w3.org/1999/xhtml" xml:lang="en" lang="en">
 <head>
  <title>
</title>
<meta http-equiv="Content-Type" content="text/html;charset=utf-8" />
  <meta name='ocr-system' content='tesseract 3.04.00' />
  <meta name='ocr-capabilities' content='ocr_page ocr_carea ocr_par ocr_line ocrx_word'/>
</head>
<body>
  <div class='ocr_page' id='page_1' title='image "./historiarumetse04livygoog_0033.png"; bbox 0 0 2622 4194; ppageno 0'>
   <div class='ocr_carea' id='block_1_1' title="bbox 153 357 698 418">
    <p class='ocr_par' dir='ltr' id='par_1_1' title="bbox 153 357 698 418">
     <span class='ocr_line' id='line_1_1' title="bbox 153 357 698 418; baseline -0.017 0"><span class='ocrx_word' id='word_1_1' title='bbox 153 357 192 418; x_wconf 69' lang='lat' dir='ltr'><strong>ll</strong></span> <span class='ocrx_word' id='word_1_2' title='bbox 533 357 600 410; x_wconf 83' lang='lat' dir='ltr'><strong>arn</strong></span> <span class='ocrx_word' id='word_1_3' title='bbox 615 357 698 410; x_wconf 72' lang='lat' dir='ltr'><strong>mvn</strong></span> 
     </span>
    </p>
   </div>
   <div class='ocr_carea' id='block_1_2' title="bbox 75 497 1115 1968">
    <p class='ocr_par' dir='ltr' id='par_1_2' title="bbox 119 497 1115 1811">
     <span class='ocr_line' id='line_1_2' title="bbox 154 497 1104 576; baseline 0.006 -20"><span class='ocrx_word' id='word_1_4' title='bbox 154 497 204 566; x_wconf 90' lang='lat' dir='ltr'><strong>mi,</strong></span> <span class='ocrx_word' id='word_1_5' title='bbox 217 497 376 556; x_wconf 75' lang='lat' dir='ltr'><strong>certaminis</strong></span> <span class='ocrx_word' id='word_1_6' title='bbox 388 497 447 556; x_wconf 83' lang='lat' dir='ltr'><strong>suit.</strong></span> <span class='ocrx_word' id='word_1_7' title='bbox 486 497 606 576; x_wconf 84' lang='lat' dir='ltr'><strong>Utroque</strong></span> <span class='ocrx_word' id='word_1_8' title='bbox 615 499 736 560; x_wconf 73' lang='lat' dir='ltr'><strong>colonis</strong></span> <span class='ocrx_word' id='word_1_9' title='bbox 748 500 856 558; x_wconf 79' lang='lat' dir='ltr'><strong>missas:</strong></span> <span class='ocrx_word' id='word_1_10' title='bbox 876 499 972 576; x_wconf 85' lang='lat' dir='ltr'><strong>plures-</strong></span> <span class='ocrx_word' id='word_1_11' title='bbox 985 501 1081 562; x_wconf 77' lang='lat' dir='ltr'><strong>inten-</strong></span> <span class='ocrx_word' id='word_1_12' title='bbox 1103 543 1104 546; x_wconf 55' lang='lat'><em>=</em></span> 
     </span>
     <span class='ocr_line' id='line_1_3' title="bbox 152 575 1115 652; baseline 0.006 -20"><span class='ocrx_word' id='word_1_13' title='bbox 152 576 186 646; x_wconf 84' lang='lat' dir='ltr'><strong>ti,</strong></span> <span class='ocrx_word' id='word_1_14' title='bbox 201 575 256 650; x_wconf 89' lang='lat' dir='ltr'><strong>qni,</strong></span> <span class='ocrx_word' id='word_1_15' title='bbox 277 587 387 652; x_wconf 88' lang='lat' dir='ltr'><strong>propter</strong></span> <span class='ocrx_word' id='word_1_16' title='bbox 407 577 559 634; x_wconf 83' lang='lat' dir='ltr'><strong>ubertatem</strong></span> <span class='ocrx_word' id='word_1_17' title='bbox 578 591 667 651; x_wconf 78' lang='lat' dir='ltr'><strong>terrae,</strong></span> <span class='ocrx_word' id='word_1_18' title='bbox 688 579 716 635; x_wconf 94' lang='lat' dir='ltr'><strong>in</strong></span> <span class='ocrx_word' id='word_1_19' title='bbox 738 578 947 636; x_wconf 77' lang='lat' dir='ltr'><strong>Crustuminum</strong></span> <span class='ocrx_word' id='word_1_20' title='bbox 967 578 1115 643; x_wconf 61' lang='lat' dir='ltr'><strong>nomina?</strong></span> 
     </span>
     <span class='ocr_line' id='line_1_4' title="bbox 154 652 1109 731; baseline 0.005 -23"><span class='ocrx_word' id='word_1_21' title='bbox 154 652 268 710; x_wconf 88' lang='lat' dir='ltr'><strong>darent:</strong></span> <span class='ocrx_word' id='word_1_22' title='bbox 289 663 317 710; x_wconf 93' lang='lat' dir='ltr'><strong>et</strong></span> <span class='ocrx_word' id='word_1_23' title='bbox 336 654 457 712; x_wconf 83' lang='lat' dir='ltr'><strong>Romam</strong></span> <span class='ocrx_word' id='word_1_24' title='bbox 477 655 542 712; x_wconf 91' lang='lat' dir='ltr'><strong>inde</strong></span> <span class='ocrx_word' id='word_1_25' title='bbox 559 656 716 730; x_wconf 86' lang='lat' dir='ltr'><strong>frequenter</strong></span> <span class='ocrx_word' id='word_1_26' title='bbox 728 656 875 730; x_wconf 83' lang='lat' dir='ltr'><strong>migratum</strong></span> <span class='ocrx_word' id='word_1_27' title='bbox 887 667 938 723; x_wconf 87' lang='lat' dir='ltr'><strong>est,</strong></span> <span class='ocrx_word' id='word_1_28' title='bbox 953 662 1109 731; x_wconf 66' lang='lat' dir='ltr'><strong>sparsa-⁹</strong></span> 
     </span>
     <span class='ocr_line' id='line_1_5' title="bbox 154 721 1115 808; baseline 0.006 -23"><span class='ocrx_word' id='word_1_29' title='bbox 154 729 227 786; x_wconf 88' lang='lat' dir='ltr'><strong>tibus</strong></span> <span class='ocrx_word' id='word_1_30' title='bbox 239 729 360 788; x_wconf 71' lang='lat' dir='ltr'><strong>maxime</strong></span> <span class='ocrx_word' id='word_1_31' title='bbox 374 751 406 788; x_wconf 91' lang='lat' dir='ltr'><strong>ac</strong></span> <span class='ocrx_word' id='word_1_32' title='bbox 419 733 576 807; x_wconf 81' lang='lat' dir='ltr'><strong>propinquis</strong></span> <span class='ocrx_word' id='word_1_33' title='bbox 595 735 740 808; x_wconf 85' lang='lat' dir='ltr'><strong>raptarum.</strong></span> <span class='ocrx_word' id='word_1_34' title='bbox 781 729 967 791; x_wconf 84' lang='lat' dir='ltr'><strong>Novissimuin</strong></span> <span class='ocrx_word' id='word_1_35' title='bbox 981 734 1016 790; x_wconf 89' lang='lat' dir='ltr'><strong>ab</strong></span> <span class='ocrx_word' id='word_1_36' title='bbox 1028 735 1079 791; x_wconf 86' lang='lat' dir='ltr'><strong>Sa·</strong></span> <span class='ocrx_word' id='word_1_37' title='bbox 1092 721 1115 760; x_wconf 63' lang='lat'><strong>&#39;⁹&#39;</strong></span> 
     </span>
     <span class='ocr_line' id='line_1_6' title="bbox 153 806 1108 898; baseline 0.005 -35"><span class='ocrx_word' id='word_1_38' title='bbox 153 806 226 864; x_wconf 88' lang='lat' dir='ltr'><strong>binis</strong></span> <span class='ocrx_word' id='word_1_39' title='bbox 240 808 340 864; x_wconf 89' lang='lat' dir='ltr'><strong>bellum</strong></span> <span class='ocrx_word' id='word_1_40' title='bbox 353 820 459 878; x_wconf 82' lang='lat' dir='ltr'><strong>ortum3</strong></span> <span class='ocrx_word' id='word_1_41' title='bbox 472 810 612 885; x_wconf 88' lang='lat' dir='ltr'><strong>multoque</strong></span> <span class='ocrx_word' id='word_1_42' title='bbox 630 812 659 868; x_wconf 90' lang='lat' dir='ltr'><strong>id</strong></span> <span class='ocrx_word' id='word_1_43' title='bbox 672 811 821 876; x_wconf 83' lang='lat' dir='ltr'><strong>maximum</strong></span> <span class='ocrx_word' id='word_1_44' title='bbox 835 811 901 868; x_wconf 85' lang='lat' dir='ltr'><strong>fuit:</strong></span> <span class='ocrx_word' id='word_1_45' title='bbox 922 811 990 868; x_wconf 77' lang='lat' dir='ltr'><strong>nillil</strong></span> <span class='ocrx_word' id='word_1_46' title='bbox 1003 811 1077 868; x_wconf 90' lang='lat' dir='ltr'><strong>enim</strong></span> <span class='ocrx_word' id='word_1_47' title='bbox 1092 811 1108 898; x_wconf 55' lang='grc' dir='ltr'><strong>ζ</strong></span> 
     </span>
     <span class='ocr_line' id='line_1_7' title="bbox 152 885 1111 962; baseline 0.004 -21"><span class='ocrx_word' id='word_1_48' title='bbox 152 903 202 960; x_wconf 85' lang='lat' dir='ltr'><strong>per</strong></span> <span class='ocrx_word' id='word_1_49' title='bbox 221 885 290 942; x_wconf 90' lang='lat' dir='ltr'><strong>iram</strong></span> <span class='ocrx_word' id='word_1_50' title='bbox 304 897 350 942; x_wconf 91' lang='lat' dir='ltr'><strong>aut</strong></span> <span class='ocrx_word' id='word_1_51' title='bbox 363 887 539 962; x_wconf 78' lang='lat' dir='ltr'><strong>cupiditatem</strong></span> <span class='ocrx_word' id='word_1_52' title='bbox 561 900 653 946; x_wconf 85' lang='lat' dir='ltr'><strong>actum</strong></span> <span class='ocrx_word' id='word_1_53' title='bbox 674 898 731 944; x_wconf 77' lang='lat' dir='ltr'><strong>est:</strong></span> <span class='ocrx_word' id='word_1_54' title='bbox 757 907 811 946; x_wconf 83' lang='lat' dir='ltr'><strong>nec</strong></span> <span class='ocrx_word' id='word_1_55' title='bbox 830 889 1011 946; x_wconf 86' lang='lat' dir='ltr'><strong>ostenderunt</strong></span> <span class='ocrx_word' id='word_1_56' title='bbox 1020 889 1111 953; x_wconf 68' lang='lat' dir='ltr'><strong>bel-2,</strong></span> 
     </span>
     <span class='ocr_line' id='line_1_8' title="bbox 152 953 1111 1038; baseline 0.004 -20"><span class='ocrx_word' id='word_1_57' title='bbox 152 963 209 1018; x_wconf 91' lang='lat' dir='ltr'><strong>lum</strong></span> <span class='ocrx_word' id='word_1_58' title='bbox 222 963 306 1036; x_wconf 87' lang='lat' dir='ltr'><strong>priris,</strong></span> <span class='ocrx_word' id='word_1_59' title='bbox 321 962 402 1038; x_wconf 74' lang='lat' dir='ltr'><strong>quam</strong></span> <span class='ocrx_word' id='word_1_60' title='bbox 423 965 581 1023; x_wconf 88' lang='lat' dir='ltr'><strong>intulerunt.</strong></span> <span class='ocrx_word' id='word_1_61' title='bbox 622 966 745 1023; x_wconf 87' lang='lat' dir='ltr'><strong>Consilio</strong></span> <span class='ocrx_word' id='word_1_62' title='bbox 764 965 847 1022; x_wconf 89' lang='lat' dir='ltr'><strong>etiam</strong></span> <span class='ocrx_word' id='word_1_63' title='bbox 861 966 970 1022; x_wconf 85' lang='lat' dir='ltr'><strong>additus</strong></span> <span class='ocrx_word' id='word_1_64' title='bbox 990 953 1111 1036; x_wconf 61' lang='lat' dir='ltr'><strong>dolus}</strong></span> 
     </span>
     <span class='ocr_line' id='line_1_9' title="bbox 153 1039 1077 1129; baseline 0.008 -34"><span class='ocrx_word' id='word_1_65' title='bbox 153 1040 201 1114; x_wconf 83' lang='lat' dir='ltr'><strong>Sp.</strong></span> <span class='ocrx_word' id='word_1_66' title='bbox 215 1039 353 1120; x_wconf 70' lang='lat' dir='ltr'><strong>Tarppjus</strong></span> <span class='ocrx_word' id='word_1_67' title='bbox 365 1041 500 1098; x_wconf 85' lang='lat' dir='ltr'><strong>Romame</strong></span> <span class='ocrx_word' id='word_1_68' title='bbox 512 1053 629 1129; x_wconf 85' lang='lat' dir='ltr'><strong>praeerat</strong></span> <span class='ocrx_word' id='word_1_69' title='bbox 640 1044 706 1100; x_wconf 84' lang='lat' dir='ltr'><strong>arei.</strong></span> <span class='ocrx_word' id='word_1_70' title='bbox 747 1043 839 1118; x_wconf 90' lang='lat' dir='ltr'><strong>Hujus</strong></span> <span class='ocrx_word' id='word_1_71' title='bbox 852 1043 1077 1118; x_wconf 81' lang='lat' dir='ltr'><strong>filiamvirginem</strong></span> 
     </span>
     <span class='ocr_line' id='line_1_10' title="bbox 152 1119 1077 1194; baseline 0.002 -20"><span class='ocrx_word' id='word_1_72' title='bbox 152 1136 219 1174; x_wconf 88' lang='lat' dir='ltr'><strong>auro</strong></span> <span class='ocrx_word' id='word_1_73' title='bbox 232 1119 380 1193; x_wconf 82' lang='lat' dir='ltr'><strong>corrumpit</strong></span> <span class='ocrx_word' id='word_1_74' title='bbox 393 1119 500 1188; x_wconf 73' lang='lat' dir='ltr'><strong>&#39;latius</strong></span> <span class='ocrx_word' id='word_1_75' title='bbox 510 1129 540 1176; x_wconf 89' lang='lat' dir='ltr'><strong>ut</strong></span> <span class='ocrx_word' id='word_1_76' title='bbox 553 1130 670 1177; x_wconf 86' lang='lat' dir='ltr'><strong>armatos</strong></span> <span class='ocrx_word' id='word_1_77' title='bbox 684 1121 712 1176; x_wconf 92' lang='lat' dir='ltr'><strong>in</strong></span> <span class='ocrx_word' id='word_1_78' title='bbox 727 1137 818 1177; x_wconf 86' lang='lat' dir='ltr'><strong>arcem</strong></span> <span class='ocrx_word' id='word_1_79' title='bbox 830 1120 964 1194; x_wconf 87' lang='lat' dir='ltr'><strong>accipiat:</strong></span> <span class='ocrx_word' id='word_1_80' title='bbox 979 1139 1077 1194; x_wconf 86' lang='lat' dir='ltr'><strong>aquam</strong></span> 
     </span>
     <span class='ocr_line' id='line_1_11' title="bbox 152 1195 1112 1272; baseline 0.003 -21"><span class='ocrx_word' id='word_1_81' title='bbox 152 1195 220 1252; x_wconf 84' lang='lat' dir='ltr'><strong>forte</strong></span> <span class='ocrx_word' id='word_1_82' title='bbox 234 1213 267 1251; x_wconf 89' lang='lat' dir='ltr'><strong>ea</strong></span> <span class='ocrx_word' id='word_1_83' title='bbox 280 1205 337 1251; x_wconf 92' lang='lat' dir='ltr'><strong>tum</strong></span> <span class='ocrx_word' id='word_1_84' title='bbox 351 1197 436 1252; x_wconf 88' lang='lat' dir='ltr'><strong>sacris</strong></span> <span class='ocrx_word' id='word_1_85' title='bbox 449 1207 525 1252; x_wconf 88' lang='lat' dir='ltr'><strong>extra</strong></span> <span class='ocrx_word' id='word_1_86' title='bbox 538 1199 640 1254; x_wconf 80' lang='lat' dir='ltr'><strong>moenia</strong></span> <span class='ocrx_word' id='word_1_87' title='bbox 652 1199 766 1272; x_wconf 89' lang='lat' dir='ltr'><strong>petitum</strong></span> <span class='ocrx_word' id='word_1_88' title='bbox 780 1198 857 1254; x_wconf 89' lang='lat' dir='ltr'><strong>ierat.</strong></span> <span class='ocrx_word' id='word_1_89' title='bbox 897 1198 1016 1271; x_wconf 84' lang='lat' dir='ltr'><strong>Accepti</strong></span> <span class='ocrx_word' id='word_1_90' title='bbox 1029 1198 1112 1254; x_wconf 80' lang='lat' dir='ltr'><strong>ob·1u</strong></span> 
     </span>
     <span class='ocr_line' id='line_1_12' title="bbox 150 1271 1078 1350; baseline 0.006 -21"><span class='ocrx_word' id='word_1_91' title='bbox 150 1279 240 1329; x_wconf 90' lang='lat' dir='ltr'><strong>rutam</strong></span> <span class='ocrx_word' id='word_1_92' title='bbox 255 1273 336 1329; x_wconf 88' lang='lat' dir='ltr'><strong>armis</strong></span> <span class='ocrx_word' id='word_1_93' title='bbox 349 1272 502 1342; x_wconf 74' lang='lat' dir='ltr'><strong>necavere3</strong></span> <span class='ocrx_word' id='word_1_94' title='bbox 523 1271 583 1330; x_wconf 55' lang='lat' dir='ltr'><strong>seux</strong></span> <span class='ocrx_word' id='word_1_95' title='bbox 592 1287 622 1331; x_wconf 93' lang='lat' dir='ltr'><strong>ut</strong></span> <span class='ocrx_word' id='word_1_96' title='bbox 635 1277 660 1332; x_wconf 91' lang='lat' dir='ltr'><strong>vi</strong></span> <span class='ocrx_word' id='word_1_97' title='bbox 674 1288 754 1350; x_wconf 88' lang='lat' dir='ltr'><strong>capta</strong></span> <span class='ocrx_word' id='word_1_98' title='bbox 766 1273 856 1350; x_wconf 84' lang='lat' dir='ltr'><strong>potitis</strong></span> <span class='ocrx_word' id='word_1_99' title='bbox 870 1293 918 1330; x_wconf 86' lang='lat' dir='ltr'><strong>arx</strong></span> <span class='ocrx_word' id='word_1_100' title='bbox 931 1275 1078 1344; x_wconf 83' lang='lat' dir='ltr'><strong>videretur,</strong></span> 
     </span>
     <span class='ocr_line' id='line_1_13' title="bbox 151 1351 1078 1428; baseline 0.004 -22"><span class='ocrx_word' id='word_1_101' title='bbox 151 1368 201 1406; x_wconf 88' lang='lat' dir='ltr'><strong>seu</strong></span> <span class='ocrx_word' id='word_1_102' title='bbox 213 1351 346 1426; x_wconf 88' lang='lat' dir='ltr'><strong>prodendi</strong></span> <span class='ocrx_word' id='word_1_103' title='bbox 360 1351 477 1424; x_wconf 86' lang='lat' dir='ltr'><strong>exempli</strong></span> <span class='ocrx_word' id='word_1_104' title='bbox 491 1353 585 1418; x_wconf 71' lang='lat' dir='ltr'><strong>causi,</strong></span> <span class='ocrx_word' id='word_1_105' title='bbox 600 1371 636 1409; x_wconf 93' lang='lat' dir='ltr'><strong>ne</strong></span> <span class='ocrx_word' id='word_1_106' title='bbox 649 1353 714 1426; x_wconf 92' lang='lat' dir='ltr'><strong>quid</strong></span> <span class='ocrx_word' id='word_1_107' title='bbox 726 1371 840 1426; x_wconf 88' lang='lat' dir='ltr'><strong>usquam</strong></span> <span class='ocrx_word' id='word_1_108' title='bbox 851 1352 936 1408; x_wconf 89' lang='lat' dir='ltr'><strong>fidum</strong></span> <span class='ocrx_word' id='word_1_109' title='bbox 946 1352 1078 1428; x_wconf 82' lang='lat' dir='ltr'><strong>proditori</strong></span> 
     </span>
     <span class='ocr_line' id='line_1_14' title="bbox 150 1428 1079 1504; baseline 0 -20"><span class='ocrx_word' id='word_1_110' title='bbox 150 1439 230 1484; x_wconf 88' lang='lat' dir='ltr'><strong>esset.</strong></span> <span class='ocrx_word' id='word_1_111' title='bbox 271 1429 391 1484; x_wconf 88' lang='lat' dir='ltr'><strong>Additur</strong></span> <span class='ocrx_word' id='word_1_112' title='bbox 411 1428 519 1494; x_wconf 83' lang='lat' dir='ltr'><strong>fabulm,</strong></span> <span class='ocrx_word' id='word_1_113' title='bbox 534 1429 607 1502; x_wconf 81' lang='lat' dir='ltr'><strong>qudd</strong></span> <span class='ocrx_word' id='word_1_114' title='bbox 627 1429 710 1504; x_wconf 78' lang='lat' dir='ltr'><strong>vulgd</strong></span> <span class='ocrx_word' id='word_1_115' title='bbox 731 1430 827 1486; x_wconf 82' lang='lat' dir='ltr'><strong>Sabini</strong></span> <span class='ocrx_word' id='word_1_116' title='bbox 841 1447 937 1485; x_wconf 85' lang='lat' dir='ltr'><strong>aureas</strong></span> <span class='ocrx_word' id='word_1_117' title='bbox 957 1429 1079 1486; x_wconf 87' lang='lat' dir='ltr'><strong>armillas</strong></span> 
     </span>
     <span class='ocr_line' id='line_1_15' title="bbox 149 1505 1078 1582; baseline 0.003 -21"><span class='ocrx_word' id='word_1_118' title='bbox 149 1507 243 1581; x_wconf 85' lang='lat' dir='ltr'><strong>magni</strong></span> <span class='ocrx_word' id='word_1_119' title='bbox 263 1507 391 1581; x_wconf 89' lang='lat' dir='ltr'><strong>ponderis</strong></span> <span class='ocrx_word' id='word_1_120' title='bbox 412 1505 524 1562; x_wconf 87' lang='lat' dir='ltr'><strong>brachio</strong></span> <span class='ocrx_word' id='word_1_121' title='bbox 544 1507 621 1574; x_wconf 83' lang='lat' dir='ltr'><strong>laevo,</strong></span> <span class='ocrx_word' id='word_1_122' title='bbox 638 1517 842 1582; x_wconf 86' lang='lat' dir='ltr'><strong>gemmatosque</strong></span> <span class='ocrx_word' id='word_1_123' title='bbox 862 1507 964 1580; x_wconf 72' lang='lat' dir='ltr'><strong>magud</strong></span> <span class='ocrx_word' id='word_1_124' title='bbox 984 1507 1078 1580; x_wconf 84' lang='lat' dir='ltr'><strong>specio</strong></span> 
     </span>
     <span class='ocr_line' id='line_1_16' title="bbox 149 1583 1110 1659; baseline -0.003 -21"><span class='ocrx_word' id='word_1_125' title='bbox 149 1583 266 1641; x_wconf 89' lang='lat' dir='ltr'><strong>annulos</strong></span> <span class='ocrx_word' id='word_1_126' title='bbox 287 1584 441 1649; x_wconf 82' lang='lat' dir='ltr'><strong>habuerint,</strong></span> <span class='ocrx_word' id='word_1_127' title='bbox 455 1584 591 1659; x_wconf 82' lang='lat' dir='ltr'><strong>pepigisse</strong></span> <span class='ocrx_word' id='word_1_128' title='bbox 604 1604 676 1650; x_wconf 89' lang='lat' dir='ltr'><strong>eam,</strong></span> <span class='ocrx_word' id='word_1_129' title='bbox 690 1585 761 1658; x_wconf 93' lang='lat' dir='ltr'><strong>quod</strong></span> <span class='ocrx_word' id='word_1_130' title='bbox 776 1583 805 1638; x_wconf 92' lang='lat' dir='ltr'><strong>in</strong></span> <span class='ocrx_word' id='word_1_131' title='bbox 819 1583 935 1638; x_wconf 84' lang='lat' dir='ltr'><strong>sinistris</strong></span> <span class='ocrx_word' id='word_1_132' title='bbox 949 1584 1076 1640; x_wconf 89' lang='lat' dir='ltr'><strong>manibus</strong></span> <span class='ocrx_word' id='word_1_133' title='bbox 1085 1597 1110 1636; x_wconf 82' lang='lat'><strong>15</strong></span> 
     </span>
     <span class='ocr_line' id='line_1_17' title="bbox 119 1659 1076 1734; baseline 0.003 -20"><span class='ocrx_word' id='word_1_134' title='bbox 119 1719 122 1727; x_wconf 64' lang='grc'>,</span> <span class='ocrx_word' id='word_1_135' title='bbox 149 1659 298 1728; x_wconf 88' lang='lat' dir='ltr'><strong>haberent;</strong></span> <span class='ocrx_word' id='word_1_136' title='bbox 319 1659 354 1716; x_wconf 83' lang='lat' dir='ltr'><strong>eri</strong></span> <span class='ocrx_word' id='word_1_137' title='bbox 375 1673 453 1716; x_wconf 89' lang='lat' dir='ltr'><strong>scuta</strong></span> <span class='ocrx_word' id='word_1_138' title='bbox 475 1660 514 1716; x_wconf 90' lang='lat' dir='ltr'><strong>illi</strong></span> <span class='ocrx_word' id='word_1_139' title='bbox 535 1680 583 1734; x_wconf 90' lang='lat' dir='ltr'><strong>pro</strong></span> <span class='ocrx_word' id='word_1_140' title='bbox 604 1662 693 1716; x_wconf 89' lang='lat' dir='ltr'><strong>aureis</strong></span> <span class='ocrx_word' id='word_1_141' title='bbox 713 1661 794 1716; x_wconf 86' lang='lat' dir='ltr'><strong>donis</strong></span> <span class='ocrx_word' id='word_1_142' title='bbox 814 1671 953 1734; x_wconf 81' lang='lat' dir='ltr'><strong>congesta.</strong></span> <span class='ocrx_word' id='word_1_143' title='bbox 987 1661 1076 1731; x_wconf 80' lang='lat' dir='ltr'><strong>¹Sunt,</strong></span> 
     </span>
     <span class='ocr_line' id='line_1_18' title="bbox 147 1736 1074 1811; baseline 0.001 -19"><span class='ocrx_word' id='word_1_144' title='bbox 147 1736 195 1808; x_wconf 90' lang='lat' dir='ltr'><strong>qui</strong></span> <span class='ocrx_word' id='word_1_145' title='bbox 206 1755 278 1806; x_wconf 88' lang='lat' dir='ltr'><strong>eam,</strong></span> <span class='ocrx_word' id='word_1_146' title='bbox 292 1755 326 1792; x_wconf 90' lang='lat' dir='ltr'><strong>ex</strong></span> <span class='ocrx_word' id='word_1_147' title='bbox 339 1749 420 1810; x_wconf 88' lang='lat' dir='ltr'><strong>pacto</strong></span> <span class='ocrx_word' id='word_1_148' title='bbox 438 1737 566 1793; x_wconf 89' lang='lat' dir='ltr'><strong>tradendi</strong></span> <span class='ocrx_word' id='word_1_149' title='bbox 579 1739 651 1811; x_wconf 92' lang='lat' dir='ltr'><strong>quod</strong></span> <span class='ocrx_word' id='word_1_150' title='bbox 674 1738 703 1793; x_wconf 91' lang='lat' dir='ltr'><strong>in</strong></span> <span class='ocrx_word' id='word_1_151' title='bbox 724 1737 840 1793; x_wconf 86' lang='lat' dir='ltr'><strong>sinistris</strong></span> <span class='ocrx_word' id='word_1_152' title='bbox 853 1737 980 1792; x_wconf 87' lang='lat' dir='ltr'><strong>manibus</strong></span> <span class='ocrx_word' id='word_1_153' title='bbox 993 1747 1074 1803; x_wconf 88' lang='lat' dir='ltr'><strong>esset,</strong></span> 
     </span>
    </p>

    <p class='ocr_par' dir='ltr' id='par_1_3' title="bbox 75 1811 1078 1968">
     <span class='ocr_line' id='line_1_19' title="bbox 75 1811 1078 1888; baseline 0.005 -20"><span class='ocrx_word' id='word_1_154' title='bbox 75 1840 79 1847; x_wconf 86' lang='lat'>·</span> <span class='ocrx_word' id='word_1_155' title='bbox 148 1811 254 1870; x_wconf 81' lang='lat' dir='ltr'><strong>directd</strong></span> <span class='ocrx_word' id='word_1_156' title='bbox 275 1831 351 1869; x_wconf 88' lang='lat' dir='ltr'><strong>arma</strong></span> <span class='ocrx_word' id='word_1_157' title='bbox 370 1813 471 1888; x_wconf 86' lang='lat' dir='ltr'><strong>petisse</strong></span> <span class='ocrx_word' id='word_1_158' title='bbox 492 1815 605 1883; x_wconf 85' lang='lat' dir='ltr'><strong>dicant3</strong></span> <span class='ocrx_word' id='word_1_159' title='bbox 631 1825 668 1886; x_wconf 89' lang='lat' dir='ltr'><strong>et,</strong></span> <span class='ocrx_word' id='word_1_160' title='bbox 684 1815 780 1870; x_wconf 84' lang='lat' dir='ltr'><strong>fraude</strong></span> <span class='ocrx_word' id='word_1_161' title='bbox 802 1813 887 1870; x_wconf 89' lang='lat' dir='ltr'><strong>visam</strong></span> <span class='ocrx_word' id='word_1_162' title='bbox 910 1831 1001 1888; x_wconf 82' lang='lat' dir='ltr'><strong>agere,</strong></span> <span class='ocrx_word' id='word_1_163' title='bbox 1025 1815 1078 1873; x_wconf 67' lang='lat' dir='ltr'><strong>suit</strong></span> 
     </span>
     <span class='ocr_line' id='line_1_20' title="bbox 147 1890 566 1968; baseline -0.002 -19"><span class='ocrx_word' id='word_1_164' title='bbox 147 1890 234 1968; x_wconf 85' lang='lat' dir='ltr'><strong>ipsam</strong></span> <span class='ocrx_word' id='word_1_165' title='bbox 247 1902 415 1966; x_wconf 87' lang='lat' dir='ltr'><strong>peremptam</strong></span> <span class='ocrx_word' id='word_1_166' title='bbox 430 1892 566 1948; x_wconf 81' lang='lat' dir='ltr'><strong>mercede.</strong></span> 
     </span>
    </p>
   </div>
   <div class='ocr_carea' id='block_1_3' title="bbox 114 2047 1111 3827">
    <p class='ocr_par' dir='ltr' id='par_1_4' title="bbox 114 2047 1111 3827">
     <span class='ocr_line' id='line_1_21' title="bbox 185 2047 1111 2122; baseline -0.006 -15"><span class='ocrx_word' id='word_1_167' title='bbox 185 2047 253 2108; x_wconf 91' lang='lat' dir='ltr'>XII.</span> <span class='ocrx_word' id='word_1_168' title='bbox 275 2047 510 2105; x_wconf 69' lang='lat' dir='ltr'><strong>Tenueretamen</strong></span> <span class='ocrx_word' id='word_1_169' title='bbox 524 2067 617 2104; x_wconf 90' lang='lat' dir='ltr'><strong>arcem</strong></span> <span class='ocrx_word' id='word_1_170' title='bbox 641 2049 756 2106; x_wconf 83' lang='lat' dir='ltr'><strong>Sabini:</strong></span> <span class='ocrx_word' id='word_1_171' title='bbox 777 2058 858 2122; x_wconf 89' lang='lat' dir='ltr'><strong>atque</strong></span> <span class='ocrx_word' id='word_1_172' title='bbox 880 2047 945 2104; x_wconf 90' lang='lat' dir='ltr'><strong>inde</strong></span> <span class='ocrx_word' id='word_1_173' title='bbox 966 2055 1111 2121; x_wconf 80' lang='lat' dir='ltr'><strong>posternae</strong></span> 
     </span>
     <span class='ocr_line' id='line_1_22' title="bbox 146 2123 1074 2200; baseline -0.001 -20"><span class='ocrx_word' id='word_1_174' title='bbox 146 2125 201 2196; x_wconf 88' lang='lat' dir='ltr'><strong>die,</strong></span> <span class='ocrx_word' id='word_1_175' title='bbox 215 2145 300 2200; x_wconf 87' lang='lat' dir='ltr'><strong>qutun</strong></span> <span class='ocrx_word' id='word_1_176' title='bbox 313 2125 459 2182; x_wconf 88' lang='lat' dir='ltr'><strong>Romanus</strong></span> <span class='ocrx_word' id='word_1_177' title='bbox 472 2127 610 2183; x_wconf 88' lang='lat' dir='ltr'><strong>exercitus</strong></span> <span class='ocrx_word' id='word_1_178' title='bbox 623 2126 782 2193; x_wconf 90' lang='lat' dir='ltr'><strong>instructus,</strong></span> <span class='ocrx_word' id='word_1_179' title='bbox 796 2127 867 2199; x_wconf 93' lang='lat' dir='ltr'><strong>quod</strong></span> <span class='ocrx_word' id='word_1_180' title='bbox 890 2125 961 2182; x_wconf 87' lang='lat' dir='ltr'><strong>inter</strong></span> <span class='ocrx_word' id='word_1_181' title='bbox 974 2123 1074 2180; x_wconf 87' lang='lat' dir='ltr'><strong>Palati·</strong></span> 
     </span>
     <span class='ocr_line' id='line_1_23' title="bbox 145 2203 1072 2280; baseline -0.002 -22"><span class='ocrx_word' id='word_1_182' title='bbox 145 2215 213 2258; x_wconf 85' lang='lat' dir='ltr'><strong>num</strong></span> <span class='ocrx_word' id='word_1_183' title='bbox 236 2203 476 2278; x_wconf 87' lang='lat' dir='ltr'><strong>Capitolinumque</strong></span> <span class='ocrx_word' id='word_1_184' title='bbox 502 2204 599 2260; x_wconf 88' lang='lat' dir='ltr'><strong>collem</strong></span> <span class='ocrx_word' id='word_1_185' title='bbox 626 2205 717 2280; x_wconf 89' lang='lat' dir='ltr'><strong>campi</strong></span> <span class='ocrx_word' id='word_1_186' title='bbox 742 2215 792 2270; x_wconf 89' lang='lat' dir='ltr'><strong>est,</strong></span> <span class='ocrx_word' id='word_1_187' title='bbox 818 2203 990 2276; x_wconf 69' lang='lat' dir='ltr'><strong>complesset,</strong></span> <span class='ocrx_word' id='word_1_188' title='bbox 1016 2219 1072 2257; x_wconf 90' lang='lat' dir='ltr'><strong>non</strong></span> 
     </span>
     <span class='ocr_line' id='line_1_24' title="bbox 144 2279 1074 2356; baseline -0.003 -20"><span class='ocrx_word' id='word_1_189' title='bbox 144 2280 218 2354; x_wconf 82' lang='lat' dir='ltr'><strong>priris</strong></span> <span class='ocrx_word' id='word_1_190' title='bbox 231 2281 435 2338; x_wconf 90' lang='lat' dir='ltr'><strong>descenderunt</strong></span> <span class='ocrx_word' id='word_1_191' title='bbox 455 2283 483 2338; x_wconf 90' lang='lat' dir='ltr'><strong>in</strong></span> <span class='ocrx_word' id='word_1_192' title='bbox 507 2301 625 2356; x_wconf 81' lang='lat' dir='ltr'><strong>aquarn,</strong></span> <span class='ocrx_word' id='word_1_193' title='bbox 646 2281 739 2356; x_wconf 78' lang='lat' dir='ltr'><strong>quim,</strong></span> <span class='ocrx_word' id='word_1_194' title='bbox 760 2281 801 2337; x_wconf 83' lang='lat' dir='ltr'><strong>irs</strong></span> <span class='ocrx_word' id='word_1_195' title='bbox 820 2291 848 2335; x_wconf 90' lang='lat' dir='ltr'><strong>et</strong></span> <span class='ocrx_word' id='word_1_196' title='bbox 867 2279 1018 2351; x_wconf 88' lang='lat' dir='ltr'><strong>cupiditate</strong></span> <span class='ocrx_word' id='word_1_197' title='bbox 1032 2297 1074 2334; x_wconf 89' lang='lat' dir='ltr'><strong>re-</strong></span> 
     </span>
     <span class='ocr_line' id='line_1_25' title="bbox 144 2355 1072 2432; baseline -0.003 -18"><span class='ocrx_word' id='word_1_198' title='bbox 144 2360 310 2432; x_wconf 82' lang='lat' dir='ltr'><strong>cuperandae</strong></span> <span class='ocrx_word' id='word_1_199' title='bbox 324 2360 394 2416; x_wconf 88' lang='lat' dir='ltr'><strong>arcis</strong></span> <span class='ocrx_word' id='word_1_200' title='bbox 417 2360 574 2416; x_wconf 84' lang='lat' dir='ltr'><strong>stimulante</strong></span> <span class='ocrx_word' id='word_1_201' title='bbox 597 2360 712 2427; x_wconf 84' lang='lat' dir='ltr'><strong>animos,</strong></span> <span class='ocrx_word' id='word_1_202' title='bbox 733 2358 762 2414; x_wconf 92' lang='lat' dir='ltr'><strong>in</strong></span> <span class='ocrx_word' id='word_1_203' title='bbox 782 2357 926 2412; x_wconf 87' lang='lat' dir='ltr'><strong>adversum</strong></span> <span class='ocrx_word' id='word_1_204' title='bbox 949 2355 1072 2411; x_wconf 90' lang='lat' dir='ltr'><strong>Romani</strong></span> 
     </span>
     <span class='ocr_line' id='line_1_26' title="bbox 144 2431 1105 2509; baseline -0.006 -19"><span class='ocrx_word' id='word_1_205' title='bbox 144 2437 260 2491; x_wconf 72' lang='lat' dir='ltr'><strong>subiere.</strong></span> <span class='ocrx_word' id='word_1_206' title='bbox 310 2437 453 2508; x_wconf 86' lang='lat' dir='ltr'><strong>Principes</strong></span> <span class='ocrx_word' id='word_1_207' title='bbox 473 2437 609 2508; x_wconf 87' lang='lat' dir='ltr'><strong>utrimque</strong></span> <span class='ocrx_word' id='word_1_208' title='bbox 628 2453 750 2509; x_wconf 86' lang='lat' dir='ltr'><strong>pugnam</strong></span> <span class='ocrx_word' id='word_1_209' title='bbox 765 2433 892 2500; x_wconf 87' lang='lat' dir='ltr'><strong>ciebant;</strong></span> <span class='ocrx_word' id='word_1_210' title='bbox 913 2431 947 2488; x_wconf 89' lang='lat' dir='ltr'><strong>ab</strong></span> <span class='ocrx_word' id='word_1_211' title='bbox 962 2431 1105 2488; x_wconf 81' lang='lat' dir='ltr'><strong>Sabinisus</strong></span> 
     </span>
     <span class='ocr_line' id='line_1_27' title="bbox 143 2509 1072 2578; baseline -0.004 -10"><span class='ocrx_word' id='word_1_212' title='bbox 143 2510 249 2568; x_wconf 87' lang='lat' dir='ltr'><strong>Mettus</strong></span> <span class='ocrx_word' id='word_1_213' title='bbox 272 2511 392 2578; x_wconf 87' lang='lat' dir='ltr'><strong>Curtius,</strong></span> <span class='ocrx_word' id='word_1_214' title='bbox 408 2513 442 2566; x_wconf 90' lang='lat' dir='ltr'><strong>ab</strong></span> <span class='ocrx_word' id='word_1_215' title='bbox 465 2511 601 2568; x_wconf 88' lang='lat' dir='ltr'><strong>Romanis</strong></span> <span class='ocrx_word' id='word_1_216' title='bbox 624 2511 728 2568; x_wconf 87' lang='lat' dir='ltr'><strong>Hostus</strong></span> <span class='ocrx_word' id='word_1_217' title='bbox 748 2510 893 2568; x_wconf 90' lang='lat' dir='ltr'><strong>Hostilius.</strong></span> <span class='ocrx_word' id='word_1_218' title='bbox 933 2509 990 2565; x_wconf 91' lang='lat' dir='ltr'><strong>Hic</strong></span> <span class='ocrx_word' id='word_1_219' title='bbox 1013 2527 1072 2564; x_wconf 89' lang='lat' dir='ltr'><strong>rem</strong></span> 
     </span>
     <span class='ocr_line' id='line_1_28' title="bbox 142 2583 1072 2664; baseline -0.004 -19"><span class='ocrx_word' id='word_1_220' title='bbox 142 2588 302 2646; x_wconf 83' lang='lat' dir='ltr'><strong>Romanam</strong></span> <span class='ocrx_word' id='word_1_221' title='bbox 315 2589 409 2662; x_wconf 90' lang='lat' dir='ltr'><strong>iniquo</strong></span> <span class='ocrx_word' id='word_1_222' title='bbox 422 2589 483 2644; x_wconf 92' lang='lat' dir='ltr'><strong>loco</strong></span> <span class='ocrx_word' id='word_1_223' title='bbox 496 2589 530 2644; x_wconf 89' lang='lat' dir='ltr'><strong>ad</strong></span> <span class='ocrx_word' id='word_1_224' title='bbox 543 2589 632 2663; x_wconf 86' lang='lat' dir='ltr'><strong>prima</strong></span> <span class='ocrx_word' id='word_1_225' title='bbox 652 2588 733 2664; x_wconf 84' lang='lat' dir='ltr'><strong>signa</strong></span> <span class='ocrx_word' id='word_1_226' title='bbox 755 2587 846 2644; x_wconf 84' lang='lat' dir='ltr'><strong>animo</strong></span> <span class='ocrx_word' id='word_1_227' title='bbox 860 2596 940 2660; x_wconf 88' lang='lat' dir='ltr'><strong>atque</strong></span> <span class='ocrx_word' id='word_1_228' title='bbox 954 2583 1072 2642; x_wconf 68' lang='lat' dir='ltr'><strong>audacia</strong></span> 
     </span>
     <span class='ocr_line' id='line_1_29' title="bbox 142 2663 1072 2738; baseline -0.004 -16"><span class='ocrx_word' id='word_1_229' title='bbox 142 2665 304 2722; x_wconf 89' lang='lat' dir='ltr'><strong>sustinebat.</strong></span> <span class='ocrx_word' id='word_1_230' title='bbox 345 2666 382 2722; x_wconf 93' lang='lat' dir='ltr'><strong>Ut</strong></span> <span class='ocrx_word' id='word_1_231' title='bbox 395 2665 499 2722; x_wconf 88' lang='lat' dir='ltr'><strong>Hostus</strong></span> <span class='ocrx_word' id='word_1_232' title='bbox 512 2666 624 2738; x_wconf 89' lang='lat' dir='ltr'><strong>cecidit,</strong></span> <span class='ocrx_word' id='word_1_233' title='bbox 637 2665 783 2724; x_wconf 89' lang='lat' dir='ltr'><strong>confestim</strong></span> <span class='ocrx_word' id='word_1_234' title='bbox 806 2665 935 2721; x_wconf 88' lang='lat' dir='ltr'><strong>Romana</strong></span> <span class='ocrx_word' id='word_1_235' title='bbox 955 2663 1072 2720; x_wconf 88' lang='lat' dir='ltr'><strong>inclina·</strong></span> 
     </span>
     <span class='ocr_line' id='line_1_30' title="bbox 114 2740 1069 2820; baseline -0.004 -20"><span class='ocrx_word' id='word_1_236' title='bbox 114 2743 120 2759; x_wconf 55' lang='lat'><em>³</em></span> <span class='ocrx_word' id='word_1_237' title='bbox 141 2754 187 2800; x_wconf 86' lang='lat' dir='ltr'><strong>tur</strong></span> <span class='ocrx_word' id='word_1_238' title='bbox 200 2743 291 2812; x_wconf 89' lang='lat' dir='ltr'><strong>acies;</strong></span> <span class='ocrx_word' id='word_1_239' title='bbox 305 2743 418 2817; x_wconf 87' lang='lat' dir='ltr'><strong>fusaque</strong></span> <span class='ocrx_word' id='word_1_240' title='bbox 432 2755 473 2799; x_wconf 89' lang='lat' dir='ltr'><strong>est</strong></span> <span class='ocrx_word' id='word_1_241' title='bbox 484 2745 517 2799; x_wconf 91' lang='lat' dir='ltr'><strong>ad</strong></span> <span class='ocrx_word' id='word_1_242' title='bbox 528 2754 648 2800; x_wconf 83' lang='lat' dir='ltr'><strong>veterem</strong></span> <span class='ocrx_word' id='word_1_243' title='bbox 658 2753 763 2820; x_wconf 87' lang='lat' dir='ltr'><strong>portam</strong></span> <span class='ocrx_word' id='word_1_244' title='bbox 777 2741 882 2798; x_wconf 88' lang='lat' dir='ltr'><strong>Palatii.</strong></span> <span class='ocrx_word' id='word_1_245' title='bbox 924 2740 1069 2808; x_wconf 84' lang='lat' dir='ltr'><strong>Romulus,</strong></span> 
     </span>
     <span class='ocr_line' id='line_1_31' title="bbox 141 2817 1104 2896; baseline -0.002 -18"><span class='ocrx_word' id='word_1_246' title='bbox 141 2822 248 2896; x_wconf 87' lang='lat' dir='ltr'><strong>etipse</strong></span> <span class='ocrx_word' id='word_1_247' title='bbox 274 2822 354 2878; x_wconf 69' lang='lat' dir='ltr'><strong>turbis</strong></span> <span class='ocrx_word' id='word_1_248' title='bbox 379 2821 544 2896; x_wconf 74' lang='lat' dir='ltr'><strong>fugientium</strong></span> <span class='ocrx_word' id='word_1_249' title='bbox 569 2833 655 2890; x_wconf 85' lang='lat' dir='ltr'><strong>actus,</strong></span> <span class='ocrx_word' id='word_1_250' title='bbox 679 2839 755 2878; x_wconf 88' lang='lat' dir='ltr'><strong>arma</strong></span> <span class='ocrx_word' id='word_1_251' title='bbox 774 2820 809 2876; x_wconf 86' lang='lat' dir='ltr'><strong>ad</strong></span> <span class='ocrx_word' id='word_1_252' title='bbox 835 2819 936 2875; x_wconf 88' lang='lat' dir='ltr'><strong>coelum</strong></span> <span class='ocrx_word' id='word_1_253' title='bbox 961 2817 1104 2882; x_wconf 71' lang='lat' dir='ltr'><strong>tullenses</strong></span> 
     </span>
     <span class='ocr_line' id='line_1_32' title="bbox 143 2895 1070 2974; baseline -0.005 -20"><span class='ocrx_word' id='word_1_254' title='bbox 143 2905 160 2931; x_wconf 80' lang='lat'><strong>‘¹</strong></span> <span class='ocrx_word' id='word_1_255' title='bbox 172 2899 289 2972; x_wconf 89' lang='lat' dir='ltr'><strong>Jupiter,</strong></span> <span class='ocrx_word' id='word_1_256' title='bbox 315 2899 401 2966; x_wconf 88' lang='lat' dir='ltr'><strong>tuis,’&#39;</strong></span> <span class='ocrx_word' id='word_1_257' title='bbox 427 2899 522 2972; x_wconf 89' lang='lat' dir='ltr'><strong>inquit,</strong></span> <span class='ocrx_word' id='word_1_258' title='bbox 557 2899 671 2974; x_wconf 87' lang='lat' dir='ltr'><strong>“jussus</strong></span> <span class='ocrx_word' id='word_1_259' title='bbox 698 2898 793 2954; x_wconf 89' lang='lat' dir='ltr'><strong>avibus</strong></span> <span class='ocrx_word' id='word_1_260' title='bbox 824 2897 871 2953; x_wconf 90' lang='lat' dir='ltr'><strong>hic</strong></span> <span class='ocrx_word' id='word_1_261' title='bbox 903 2897 932 2952; x_wconf 92' lang='lat' dir='ltr'><strong>iu</strong></span> <span class='ocrx_word' id='word_1_262' title='bbox 964 2895 1070 2950; x_wconf 89' lang='lat' dir='ltr'><strong>Palatio</strong></span> 
     </span>
     <span class='ocr_line' id='line_1_33' title="bbox 143 2973 1070 3052; baseline -0.004 -22"><span class='ocrx_word' id='word_1_263' title='bbox 143 2981 160 3007; x_wconf 89' lang='lat'><strong>“</strong></span> <span class='ocrx_word' id='word_1_264' title='bbox 170 2976 259 3049; x_wconf 88' lang='lat' dir='ltr'><strong>prima</strong></span> <span class='ocrx_word' id='word_1_265' title='bbox 276 2978 336 3033; x_wconf 87' lang='lat' dir='ltr'><strong>urbi</strong></span> <span class='ocrx_word' id='word_1_266' title='bbox 357 2977 537 3034; x_wconf 86' lang='lat' dir='ltr'><strong>fundamenta</strong></span> <span class='ocrx_word' id='word_1_267' title='bbox 553 2976 618 3050; x_wconf 88' lang='lat' dir='ltr'><strong>jeci.</strong></span> <span class='ocrx_word' id='word_1_268' title='bbox 658 2981 762 3032; x_wconf 88' lang='lat' dir='ltr'><strong>Arcem</strong></span> <span class='ocrx_word' id='word_1_269' title='bbox 779 2975 845 3052; x_wconf 85' lang='lat' dir='ltr'><strong>jam,</strong></span> <span class='ocrx_word' id='word_1_270' title='bbox 869 2973 973 3030; x_wconf 88' lang='lat' dir='ltr'><strong>scelere</strong></span> <span class='ocrx_word' id='word_1_271' title='bbox 995 2989 1070 3044; x_wconf 90' lang='lat' dir='ltr'><strong>emp·</strong></span> 
     </span>
     <span class='ocr_line' id='line_1_34' title="bbox 142 3047 1069 3125; baseline -0.008 -17"><span class='ocrx_word' id='word_1_272' title='bbox 142 3055 235 3122; x_wconf 82' lang='lat' dir='ltr'><strong>“tam,</strong></span> <span class='ocrx_word' id='word_1_273' title='bbox 260 3054 356 3112; x_wconf 83' lang='lat' dir='ltr'><strong>Sabini</strong></span> <span class='ocrx_word' id='word_1_274' title='bbox 382 3053 499 3110; x_wconf 86' lang='lat' dir='ltr'><strong>habent:</strong></span> <span class='ocrx_word' id='word_1_275' title='bbox 529 3053 594 3109; x_wconf 92' lang='lat' dir='ltr'><strong>inde</strong></span> <span class='ocrx_word' id='word_1_276' title='bbox 619 3054 676 3109; x_wconf 84' lang='lat' dir='ltr'><strong>huc</strong></span> <span class='ocrx_word' id='word_1_277' title='bbox 698 3051 804 3118; x_wconf 88' lang='lat' dir='ltr'><strong>armati,</strong></span> <span class='ocrx_word' id='word_1_278' title='bbox 825 3051 951 3125; x_wconf 76' lang='lat' dir='ltr'><strong>superati</strong></span> <span class='ocrx_word' id='word_1_279' title='bbox 976 3047 1069 3104; x_wconf 73' lang='lat' dir='ltr'><strong>medii</strong></span> 
     </span>
     <span class='ocr_line' id='line_1_35' title="bbox 142 3124 1068 3202; baseline -0.008 -17"><span class='ocrx_word' id='word_1_280' title='bbox 142 3139 160 3166; x_wconf 86' lang='lat'><strong>“</strong></span> <span class='ocrx_word' id='word_1_281' title='bbox 171 3129 248 3200; x_wconf 90' lang='lat' dir='ltr'><strong>valle,</strong></span> <span class='ocrx_word' id='word_1_282' title='bbox 272 3133 396 3189; x_wconf 88' lang='lat' dir='ltr'><strong>tendunt.</strong></span> <span class='ocrx_word' id='word_1_283' title='bbox 444 3131 483 3186; x_wconf 89' lang='lat' dir='ltr'><strong>At</strong></span> <span class='ocrx_word' id='word_1_284' title='bbox 502 3140 541 3202; x_wconf 84' lang='lat' dir='ltr'><strong>tu,</strong></span> <span class='ocrx_word' id='word_1_285' title='bbox 565 3131 647 3187; x_wconf 87' lang='lat' dir='ltr'><strong>Pater</strong></span> <span class='ocrx_word' id='word_1_286' title='bbox 663 3130 753 3186; x_wconf 75' lang='lat' dir='ltr'><strong>Deum</strong></span> <span class='ocrx_word' id='word_1_287' title='bbox 775 3128 981 3200; x_wconf 88' lang='lat' dir='ltr'><strong>hominumque,</strong></span> <span class='ocrx_word' id='word_1_288' title='bbox 1001 3124 1068 3180; x_wconf 92' lang='lat' dir='ltr'><strong>hinc</strong></span> 
     </span>
     <span class='ocr_line' id='line_1_36' title="bbox 141 3196 1101 3276; baseline -0.006 -12"><span class='ocrx_word' id='word_1_289' title='bbox 141 3207 266 3264; x_wconf 89' lang='lat' dir='ltr'><strong>“saltem</strong></span> <span class='ocrx_word' id='word_1_290' title='bbox 291 3226 355 3263; x_wconf 87' lang='lat' dir='ltr'><strong>aree</strong></span> <span class='ocrx_word' id='word_1_291' title='bbox 381 3211 487 3268; x_wconf 87' lang='lat' dir='ltr'><strong>hostes:</strong></span> <span class='ocrx_word' id='word_1_292' title='bbox 519 3209 600 3266; x_wconf 89' lang='lat' dir='ltr'><strong>deme</strong></span> <span class='ocrx_word' id='word_1_293' title='bbox 624 3196 757 3264; x_wconf 78' lang='lat' dir='ltr'><strong>terrorem</strong></span> <span class='ocrx_word' id='word_1_294' title='bbox 781 3206 936 3271; x_wconf 83' lang='lat' dir='ltr'><strong>Romanis3</strong></span> <span class='ocrx_word' id='word_1_295' title='bbox 963 3203 1101 3276; x_wconf 82' lang='lat' dir='ltr'><strong>fugam-as</strong></span> 
     </span>
     <span class='ocr_line' id='line_1_37' title="bbox 141 3277 1066 3361; baseline -0.01 -19"><span class='ocrx_word' id='word_1_296' title='bbox 141 3295 224 3360; x_wconf 87' lang='lat' dir='ltr'><strong>“que</strong></span> <span class='ocrx_word' id='word_1_297' title='bbox 244 3284 345 3342; x_wconf 87' lang='lat' dir='ltr'><strong>foedam</strong></span> <span class='ocrx_word' id='word_1_298' title='bbox 365 3285 439 3342; x_wconf 90' lang='lat' dir='ltr'><strong>siste.</strong></span> <span class='ocrx_word' id='word_1_299' title='bbox 479 3285 537 3342; x_wconf 88' lang='lat' dir='ltr'><strong>Hic</strong></span> <span class='ocrx_word' id='word_1_300' title='bbox 559 3304 612 3361; x_wconf 82' lang='lat' dir='ltr'><strong>ego</strong></span> <span class='ocrx_word' id='word_1_301' title='bbox 636 3284 686 3342; x_wconf 92' lang='lat' dir='ltr'><strong>tibi</strong></span> <span class='ocrx_word' id='word_1_302' title='bbox 711 3283 843 3358; x_wconf 89' lang='lat' dir='ltr'><strong>templum</strong></span> <span class='ocrx_word' id='word_1_303' title='bbox 869 3280 970 3338; x_wconf 84' lang='lat' dir='ltr'><strong>Statori</strong></span> <span class='ocrx_word' id='word_1_304' title='bbox 995 3277 1066 3347; x_wconf 86' lang='lat' dir='ltr'><strong>Jovi,</strong></span> 
     </span>
     <span class='ocr_line' id='line_1_38' title="bbox 140 3359 1066 3438; baseline -0.013 -17"><span class='ocrx_word' id='word_1_305' title='bbox 140 3374 158 3400; x_wconf 78' lang='lat'><strong>‘⁶</strong></span> <span class='ocrx_word' id='word_1_306' title='bbox 169 3364 242 3438; x_wconf 90' lang='lat' dir='ltr'><strong>quod</strong></span> <span class='ocrx_word' id='word_1_307' title='bbox 255 3375 463 3426; x_wconf 87' lang='lat' dir='ltr'><strong>monumentum</strong></span> <span class='ocrx_word' id='word_1_308' title='bbox 477 3364 512 3420; x_wconf 89' lang='lat' dir='ltr'><strong>sit</strong></span> <span class='ocrx_word' id='word_1_309' title='bbox 529 3363 653 3438; x_wconf 85' lang='lat' dir='ltr'><strong>posteris,</strong></span> <span class='ocrx_word' id='word_1_310' title='bbox 666 3362 715 3418; x_wconf 74' lang='lat' dir='ltr'><strong>tud</strong></span> <span class='ocrx_word' id='word_1_311' title='bbox 727 3359 855 3436; x_wconf 84' lang='lat' dir='ltr'><strong>praesenti</strong></span> <span class='ocrx_word' id='word_1_312' title='bbox 868 3377 919 3433; x_wconf 90' lang='lat' dir='ltr'><strong>ope</strong></span> <span class='ocrx_word' id='word_1_313' title='bbox 932 3363 1066 3414; x_wconf 85' lang='lat' dir='ltr'><strong>servatam</strong></span> 
     </span>
     <span class='ocr_line' id='line_1_39' title="bbox 139 3432 1067 3517; baseline -0.014 -18"><span class='ocrx_word' id='word_1_314' title='bbox 139 3443 266 3499; x_wconf 84' lang='lat' dir='ltr'><strong>“urbem</strong></span> <span class='ocrx_word' id='word_1_315' title='bbox 289 3459 357 3512; x_wconf 89' lang='lat' dir='ltr'><strong>esse,</strong></span> <span class='ocrx_word' id='word_1_316' title='bbox 383 3442 497 3498; x_wconf 77' lang='lat' dir='ltr'><strong>voveo.&#39;’</strong></span> <span class='ocrx_word' id='word_1_317' title='bbox 536 3441 607 3498; x_wconf 83' lang='lat' dir='ltr'><strong>Hac</strong></span> <span class='ocrx_word' id='word_1_318' title='bbox 625 3449 763 3517; x_wconf 80' lang='lat' dir='ltr'><strong>precatus,</strong></span> <span class='ocrx_word' id='word_1_319' title='bbox 786 3438 868 3493; x_wconf 86' lang='lat' dir='ltr'><strong>veluti</strong></span> <span class='ocrx_word' id='word_1_320' title='bbox 891 3436 915 3492; x_wconf 92' lang='lat' dir='ltr'><strong>si</strong></span> <span class='ocrx_word' id='word_1_321' title='bbox 937 3432 1067 3490; x_wconf 85' lang='lat' dir='ltr'><strong>sensisset</strong></span> 
     </span>
     <span class='ocr_line' id='line_1_40' title="bbox 136 3509 1066 3598; baseline -0.013 -22"><span class='ocrx_word' id='word_1_322' title='bbox 136 3519 246 3576; x_wconf 84' lang='lat' dir='ltr'><strong>auditas</strong></span> <span class='ocrx_word' id='word_1_323' title='bbox 258 3539 365 3596; x_wconf 89' lang='lat' dir='ltr'><strong>preces,</strong></span> <span class='ocrx_word' id='word_1_324' title='bbox 380 3529 398 3554; x_wconf 76' lang='lat'><strong>‘⁶</strong></span> <span class='ocrx_word' id='word_1_325' title='bbox 407 3519 512 3593; x_wconf 85' lang='lat' dir='ltr'><strong>Hine‚”</strong></span> <span class='ocrx_word' id='word_1_326' title='bbox 527 3519 623 3592; x_wconf 88' lang='lat' dir='ltr'><strong>inquit,</strong></span> <span class='ocrx_word' id='word_1_327' title='bbox 645 3515 804 3581; x_wconf 77' lang='lat' dir='ltr'><strong>“Romsui,</strong></span> <span class='ocrx_word' id='word_1_328' title='bbox 818 3514 925 3588; x_wconf 86' lang='lat' dir='ltr'><strong>Jupiter</strong></span> <span class='ocrx_word' id='word_1_329' title='bbox 936 3509 1066 3598; x_wconf 81' lang='lat' dir='ltr'><strong>Optimus</strong></span> 
     </span>
     <span class='ocr_line' id='line_1_41' title="bbox 134 3587 1099 3672; baseline -0.013 -17"><span class='ocrx_word' id='word_1_330' title='bbox 134 3601 157 3635; x_wconf 80' lang='lat'><strong>“‘</strong></span> <span class='ocrx_word' id='word_1_331' title='bbox 168 3596 309 3654; x_wconf 88' lang='lat' dir='ltr'><strong>Maximus</strong></span> <span class='ocrx_word' id='word_1_332' title='bbox 328 3596 453 3654; x_wconf 90' lang='lat' dir='ltr'><strong>resistere</strong></span> <span class='ocrx_word' id='word_1_333' title='bbox 466 3609 546 3672; x_wconf 90' lang='lat' dir='ltr'><strong>atque</strong></span> <span class='ocrx_word' id='word_1_334' title='bbox 566 3597 665 3652; x_wconf 88' lang='lat' dir='ltr'><strong>iterare</strong></span> <span class='ocrx_word' id='word_1_335' title='bbox 687 3610 809 3668; x_wconf 87' lang='lat' dir='ltr'><strong>pugnam</strong></span> <span class='ocrx_word' id='word_1_336' title='bbox 827 3589 932 3665; x_wconf 85' lang='lat' dir='ltr'><strong>jubet.&#39;·&#39;</strong></span> <span class='ocrx_word' id='word_1_337' title='bbox 973 3587 1099 3644; x_wconf 82' lang='lat' dir='ltr'><strong>Restr-ru</strong></span> 
     </span>
     <span class='ocr_line' id='line_1_42' title="bbox 132 3666 1066 3751; baseline -0.011 -21"><span class='ocrx_word' id='word_1_338' title='bbox 132 3667 195 3735; x_wconf 73' lang='lat' dir='ltr'><strong>iere</strong></span> <span class='ocrx_word' id='word_1_339' title='bbox 209 3675 340 3741; x_wconf 89' lang='lat' dir='ltr'><strong>Romani,</strong></span> <span class='ocrx_word' id='word_1_340' title='bbox 354 3685 491 3751; x_wconf 81' lang='lat' dir='ltr'><strong>tamquam</strong></span> <span class='ocrx_word' id='word_1_341' title='bbox 505 3673 610 3731; x_wconf 86' lang='lat' dir='ltr'><strong>coelesti</strong></span> <span class='ocrx_word' id='word_1_342' title='bbox 623 3690 690 3730; x_wconf 88' lang='lat' dir='ltr'><strong>voce</strong></span> <span class='ocrx_word' id='word_1_343' title='bbox 708 3671 793 3746; x_wconf 85' lang='lat' dir='ltr'><strong>jussi:</strong></span> <span class='ocrx_word' id='word_1_344' title='bbox 814 3668 871 3741; x_wconf 88' lang='lat' dir='ltr'><strong>ipse</strong></span> <span class='ocrx_word' id='word_1_345' title='bbox 885 3667 920 3736; x_wconf 85' lang='lat' dir='ltr'><strong>ad</strong></span> <span class='ocrx_word' id='word_1_346' title='bbox 934 3666 1066 3742; x_wconf 84' lang='lat' dir='ltr'><strong>primores</strong></span> 
     </span>
     <span class='ocr_line' id='line_1_43' title="bbox 135 3739 1066 3827; baseline -0.019 -15"><span class='ocrx_word' id='word_1_347' title='bbox 135 3751 275 3812; x_wconf 78' lang='lat' dir='ltr'><strong>Romulus</strong></span> <span class='ocrx_word' id='word_1_348' title='bbox 287 3752 416 3827; x_wconf 83' lang='lat' dir='ltr'><strong>provolat.</strong></span> <span class='ocrx_word' id='word_1_349' title='bbox 457 3749 560 3822; x_wconf 72' lang='lat' dir='ltr'><strong>Mettus</strong></span> <span class='ocrx_word' id='word_1_350' title='bbox 573 3743 695 3812; x_wconf 73' lang='lat' dir='ltr'><strong>&#39;Curtius</strong></span> <span class='ocrx_word' id='word_1_351' title='bbox 709 3749 744 3805; x_wconf 84' lang='lat' dir='ltr'><strong>ab</strong></span> <span class='ocrx_word' id='word_1_352' title='bbox 764 3745 876 3804; x_wconf 89' lang='lat' dir='ltr'><strong>Sabinis</strong></span> <span class='ocrx_word' id='word_1_353' title='bbox 888 3745 1017 3820; x_wconf 87' lang='lat' dir='ltr'><strong>princeps</strong></span> <span class='ocrx_word' id='word_1_354' title='bbox 1029 3739 1066 3796; x_wconf 87' lang='lat' dir='ltr'><strong>ab</strong></span> 
     </span>
    </p>
   </div>
   <div class='ocr_carea' id='block_1_4' title="bbox 0 0 1316 4194">
    <p class='ocr_par' dir='ltr' id='par_1_5' title="bbox 0 0 1316 4194">
     <span class='ocr_line' id='line_1_44' title="bbox 0 0 1316 4194; baseline 0 6"><span class='ocrx_word' id='word_1_355' title='bbox 0 0 1316 4194; x_wconf 95' lang='lat' dir='ltr'><strong> </strong></span> 
     </span>
    </p>
   </div>
  </div>
 </body>
</html>
