2620 4200
111 295 114 310 '
168 301 226 368 212
558 303 625 362 mn
640 305 722 374 mvn

171 447 315 524 Campani.
354 447 506 510 Numidam
529 462 683 527 promptum
702 451 737 508 ad
757 449 850 508 omnia
869 443 998 508 audenda
1017 421 1098 510 donis

171 527 284 602 pellicit,
299 538 337 598 ut,
350 527 435 586 literis
449 529 580 603 acceptis,
594 530 688 604 specie
701 527 849 604 transfuga
865 528 1100 588 eastraRomana

171 603 320 680 ingressus,
335 605 420 663 alteri
432 617 507 682 parte
522 606 646 681 Capuam
668 607 740 663 clam
753 607 891 681 pervadat.
931 605 1032 663 Literae
1052 625 1101 666 aud

171 692 228 738 tem
241 693 318 739 erant
331 684 518 742 adhortatione
542 685 647 758 plenae:
680 684 913 741 “Profectionem
936 702 1024 756 suam,
1037 704 1100 758 que

171 759 323 817 “salutaris
336 760 389 818 illis
403 759 481 832 foret,
495 761 693 818 abstracturam
706 763 741 818 ad
761 761 964 818 defendendam
978 762 1100 821 Romam
1114 775 1137 820 o

171 837 233 893 “ab
255 840 438 915 oppugnandi
458 840 554 914 Capua
577 839 664 896 duces
690 855 770 914 atque
790 840 927 897 exercitur
946 839 1099 898 Romanis

172 915 244 972 “Ne
264 915 465 991 desponderent
488 918 612 975 animos:
645 918 787 975 tolerando
805 927 909 992 paucos
927 917 996 989 dies,
1016 928 1101 976 totam

172 993 334 1050 “soluturos
347 991 546 1052 obsidionem.'¹
586 992 657 1052 Inde
680 1015 764 1052 naves
785 995 814 1052 in
836 994 950 1052 flumine
964 995 1102 1054 Vulturno

173 1071 385 1144 comprehensas
398 1073 487 1148 subigi
509 1073 543 1128 ad
565 1072 601 1141 id,
622 1074 694 1146 quod
712 1072 769 1148 jam
789 1072 854 1130 ante
874 1073 993 1148 presidii
1017 1076 1102 1132 causa

174 1147 286 1214 fecerat,
301 1150 443 1207 castellum
454 1150 541 1225 jussit.
581 1149 709 1210 Quarum
725 1151 771 1207 ubi
785 1161 890 1208 tantam
908 1151 1017 1224 copiam
1030 1170 1101 1218 esse,
1113 1167 1140 1209 ru

174 1237 205 1283 ut
227 1226 284 1282 unia
302 1239 384 1284 nocte
407 1228 495 1303 trajici
518 1239 609 1303 posset
627 1227 773 1296 exercitus,
794 1229 906 1285 allatum
919 1239 970 1296 est,
991 1229 1103 1286 cibariis

174 1303 272 1360 decem
286 1303 392 1362 dierum
407 1306 571 1380 preparatis,
590 1306 724 1363 deductas
737 1317 818 1364 nocte
833 1307 868 1364 ad
892 1305 1006 1362 fluvium
1018 1307 1104 1383 legio·

175 1399 225 1438 ncs
238 1392 301 1438 ante
315 1384 405 1441 lucem
415 1384 530 1459 trajecit.

152 1537 161 1591 l
213 1532 296 1596 VIII.
330 1540 363 1598 Id
388 1540 544 1616 priusquam
570 1541 656 1611 lieret,
677 1542 715 1598 ita
736 1541 857 1598 futurum
878 1549 1049 1616 compertum
1068 1552 1104 1598 ex

175 1617 333 1692 transfugis,
347 1618 460 1675 Fulvius
480 1619 599 1675 Flaccus
620 1619 728 1676 senatui
747 1619 868 1676 Romam
882 1638 967 1692 quum
981 1619 1104 1694 scripsis·
1114 1639 1142 1680 15·

176 1705 227 1760 set,
242 1697 313 1751 varie
328 1697 469 1754 bominum
484 1697 568 1753 animi
582 1716 630 1772 pro
644 1697 778 1771 cujusque
798 1697 912 1771 ingenio
925 1695 1017 1754 affecti
1031 1709 1104 1754 sunt.

175 1765 255 1826 Utin
268 1791 298 1828 re
311 1783 366 1829 tam
387 1773 500 1847 trepidi,
515 1786 612 1828 senatu
625 1773 762 1848 extemplo
775 1784 881 1840 vocato,
903 1774 934 1830 P.
948 1775 1105 1843 Cornelius,

177 1847 223 1904 cui
236 1849 331 1906 Asine
345 1868 499 1925 cognomen
512 1863 579 1918 erat,
593 1869 690 1907 omnes
701 1852 787 1908 duces
797 1851 989 1926 exercitusque
1002 1871 1038 1908 ex
1048 1855 1106 1928 pota

177 1923 266 1998 Italia,
280 1945 369 2001 neque
393 1927 505 2003 Capua,
530 1947 620 2002 neque
645 1929 726 1985 ullius
750 1929 861 1986 alterius
884 1930 923 1986 rei
945 1949 1056 1998 memor,
1071 1931 1106 1986 ad

176 2001 259 2060 Urbis
284 2003 439 2081 presidium
463 2007 616 2064 revocabat.
657 2005 760 2063 Fabius
784 2007 930 2078 Maximus,
957 2008 1070 2065 abscedi
1091 2027 1140 2068 aaa

178 2079 284 2154 Capul,
298 2085 445 2158 terrerique
460 2095 487 2142 et
507 2085 659 2160 circumagi
679 2086 713 2140 ad
727 2096 811 2142 nutus
825 2085 1108 2159 comminationesque
1176 2153 1180 2158 Ι

178 2155 353 2228 Hannibalis,
377 2161 690 2238 flagitiosum'ducebat.
730 2162 818 2223 “Qui
838 2164 872 2219 ad
894 2163 1007 2220 Cannas
1020 2164 1106 2221 victor
1189 2175 1191 2182 ’

178 2235 244 2292 “ire
265 2248 356 2296 tamen
371 2241 404 2296 ad
426 2239 528 2298 Urbem
549 2261 632 2298 ausus
645 2261 701 2298 non
722 2251 805 2312 esset,
817 2260 891 2312 eum,
912 2260 929 2297 a
948 2241 1047 2314 Capuri
1066 2259 1108 2298 re-

179 2317 198 2350 “
209 2315 326 2390 pulsum,
341 2337 416 2393 spem
429 2319 567 2393 potiundae
587 2320 663 2375 urbis
677 2320 776 2376 Rornae
797 2318 903 2393 cepisse
922 2319 933 2374 l
985 2319 1051 2376 Non
1072 2319 1107 2375 ad

179 2393 197 2426 “
206 2394 326 2452 Romam
345 2397 533 2466 obsidendam,
555 2397 602 2452 sed
624 2398 658 2452 ad
681 2397 784 2472 Capuae
797 2397 967 2454 liberandam
988 2397 1144 2456 obsidio-es

147 2495 150 2504 ’
179 2471 281 2539 “nem,
302 2473 350 2530 ire.
389 2474 518 2545 Romam,
532 2493 595 2530 cum
610 2494 644 2531 eo
663 2474 785 2532 exercitu
799 2475 846 2548 qui
859 2475 893 2531 ad
907 2474 1004 2530 urbem
1024 2486 1107 2546 esset,

180 2547 313 2615 “Jovem,
328 2551 461 2608 foederum
475 2563 614 2625 ruptorum
629 2552 664 2607 ab
679 2552 837 2608 Hannibale
858 2562 965 2621 testem,
980 2552 1107 2624 Deosque

181 2625 275 2682 “alios
301 2627 461 2684 defensuros
485 2630 573 2684 esse.”
615 2629 674 2684 Has
700 2629 821 2685 diversas
844 2631 994 2687 sententias
1015 2629 1108 2685 media

182 2703 319 2760 sententia
331 2704 362 2760 P.
375 2704 478 2762 Valerii
492 2706 687 2774 Flacci‘vicit3
717 2706 773 2780 qui,
788 2707 927 2781 utriusque
942 2708 981 2764 rei
994 2725 1107 2777 memor,

182 2779 397 2855 imperatoribus,
411 2783 457 2856 qui
478 2784 512 2839 ad
527 2783 651 2858 Capuam
674 2795 775 2856 essent,
797 2785 975 2842 scribendum
989 2785 1143 2851 censuit,ao

182 2858 286 2919 “Quid
301 2861 335 2916 ad
349 2859 451 2917 Urbem
464 2861 583 2936 praesidii
597 2872 687 2919 esset:
719 2873 835 2936 quantas
855 2873 946 2918 autem
967 2863 1109 2920 Hannibal

183 2938 302 3012 “copias
323 2941 445 3012 duceret,
459 2950 506 2996 aut
518 2951 620 3014 quanto
640 2942 765 2997 exercitu
789 2941 824 2996 ad
845 2940 969 3014 Capuam
982 2939 1110 2995 obsiden-

183 3016 273 3071 “dam
299 3035 367 3090 opus
392 3027 473 3083 esset,
500 3018 574 3092 ipsos
601 3019 680 3074 scire.
722 3018 752 3074 Si
775 3028 803 3074 et
817 3017 935 3075 Romam
954 3034 970 3071 e
991 3014 1108 3071 ducibus

184 3095 202 3128 ‘⁶
211 3092 287 3163 alter,
301 3105 329 3150 et
341 3095 481 3154 exercitiis
494 3115 556 3170 pars
569 3095 639 3152 mitti
652 3107 753 3168 posset,
774 3106 805 3152 ut
818 3096 852 3151 ab
871 3093 975 3166 reliquo
988 3103 1016 3148 et
1035 3091 1112 3150 duce·
1138 3131 1140 3142 ·

185 3173 240 3224 “et
252 3172 374 3228 exercitu
388 3174 485 3248 Capua
493 3174 568 3230 recte
582 3174 751 3231 obsideretur
763 3193 771 3242 3
792 3173 862 3229 inter
875 3187 907 3227 se
918 3182 1111 3244 compararent

185 3252 204 3285 “
213 3243 346 3304 Claudius
359 3249 535 3325 Fulviusque,
549 3252 602 3307 utri
616 3251 767 3308 obsidenda
790 3250 894 3324 Capua,
907 3248 971 3320 utri,
992 3249 1026 3304 ad
1049 3268 1110 3324 pro·
1117 3272 1147 3312 aav

187 3330 205 3366 ί(
213 3325 360 3382 bibendam
383 3328 525 3386 obsidione
545 3330 669 3403 patriam,
690 3328 810 3386 Romam
822 3325 989 3384 veniendum
1008 3327 1110 3384 esset.”

186 3407 251 3468 Hoc
264 3404 510 3465 senatis-consulto
524 3407 648 3481 Capuam
668 3407 780 3481 perlato,
800 3404 840 3466 Q.
863 3403 979 3461 Fulvius
996 3423 1112 3478 procon-

188 3484 239 3550 sul,
253 3482 309 3549 cui,
323 3481 428 3558 collega
448 3504 482 3542 ex
502 3486 614 3542 vulnere
628 3501 709 3560 egro,
723 3483 848 3542 eundum
872 3480 993 3540 Romam
1006 3493 1074 3554 erat,
1095 3501 1111 3540 e

188 3560 274 3617 tribus
287 3559 452 3619 exercitibus
472 3562 558 3620 milite
580 3563 678 3630 electo,
702 3563 737 3620 ad
759 3561 917 3638 quindecim
937 3559 1024 3618 millia
1036 3557 1113 3636 pedi·

189 3647 257 3702 tum,
271 3637 345 3694 mille
357 3639 472 3712 equites,
491 3641 659 3698 Vulturnum
677 3641 805 3698 traducit.
843 3638 914 3696 Inde
936 3657 1021 3714 quum
1035 3636 1147 3698 Han-ru

186 3713 309 3800 ⁴nibalern
322 3715 421 3773 Latina
433 3717 477 3775 ria
489 3718 592 3776 iturum
605 3718 671 3776 satis
681 3718 867 3795 comperisset,
881 3715 940 3794 ipse
951 3716 1115 3795 per‘Appiar
1208 3791 1210 3802 Ι
