2620 4200
166 370 225 429 268
550 367 617 418 mm
633 369 712 416 mvn
738 339 743 350 ’

167 511 329 568 “crevistis
370 509 413 568 Εό
428 529 514 585 usque
529 529 573 566 me
587 512 677 568 virere
692 511 781 581 vultis,
796 511 893 579 donee,
918 509 1028 566 alterius
1044 509 1104 566 resss

166 591 186 624 “
196 589 271 646 trdm
285 601 432 664 superstes,
448 590 521 644 haud
536 589 695 664 ambiguum
707 607 800 664 regem
816 589 929 644 alterurn
940 591 997 642 med
1013 601 1103 644 morte

165 669 185 702 “
196 666 304 723 faciam.
345 667 409 724 Nee
424 668 534 724 fratrem
549 687 602 722 nec
616 679 721 741 patrem
742 667 854 740 potestis
867 666 944 740 pati:
972 666 1039 720 nibil
1055 685 1101 720 ca-

165 748 183 780 “
194 744 225 811 ri,
241 745 310 801 nihil
325 747 413 802 sancti
427 755 487 801 est:
516 745 544 800 in
558 747 683 801 omnium
707 745 795 800 vicem
818 743 896 818 regni
911 743 992 798 unius
1006 744 1100 798 insati-

164 821 274 878 “abilis
298 843 373 880 amor
400 823 542 879 suecessit.
584 822 676 897 Agite,
702 822 890 878 conscelerate
911 839 990 876 aures
1010 831 1138 894 pater-5

163 904 262 954 “nas:
292 902 433 958 decernite
452 900 624 970 criminibus,
651 919 714 956 mox
737 900 807 955 ferro
821 899 980 954 decreturi:
1013 899 1097 954 dicite

162 976 292 1050 “palam
316 979 447 1053 quidquid
469 989 515 1033 aut
539 979 594 1032 veri
616 978 737 1054 potestis,
760 988 807 1032 aut
828 977 1000 1031 comminisci
1022 977 1097 1032 libet.

162 1055 337 1114 “Reserate
352 1075 431 1112 aures
446 1067 518 1124 sunt,
528 1065 529 1068 ’
540 1075 600 1128 quae
614 1057 728 1128 posthac
752 1055 865 1110 secretis
890 1055 999 1110 ulterius
1013 1055 1047 1108 ab
1061 1055 1099 1109 al·

162 1139 250 1188 “tero
280 1135 443 1191 criminibus
470 1135 659 1189 claudentur.”
712 1133 790 1202 Haec,
818 1133 911 1187 furens
938 1133 985 1197 ire,
1013 1151 1097 1204 quum

163 1209 286 1284 dixisset,
302 1214 429 1287 lacrymae
445 1212 575 1268 omnibus
597 1211 719 1278 obortre3
753 1221 781 1266 et
801 1211 849 1265 diu
869 1220 997 1265 moestum
1017 1210 1135 1266 sileo-1⁰

162 1287 231 1343 tium
245 1291 342 1347 tenuit.

200 1446 252 1503 IX.
287 1445 361 1504 Tum
387 1447 522 1503 Perseus:
551 1446 742 1522 “Aperienda
762 1445 892 1502 nimirum
913 1456 995 1502 nocte
1013 1446 1098 1520 janua

161 1523 252 1595 “suit,
281 1538 308 1582 et
329 1527 425 1582 armati
453 1525 645 1580 comissatores
673 1523 839 1598 accipiendi,
864 1525 1096 1597 praebendumque

160 1602 261 1659 “ferro
284 1604 421 1679 jugulum,
449 1605 559 1676 quando
587 1622 642 1659 nun
671 1603 801 1669 creditur,
828 1602 881 1657 nisi
902 1613 1096 1676 perpetratum,
1124 1611 1128 1618 '

161 1679 180 1712 “
191 1680 319 1750 facinus;
340 1692 368 1737 et
381 1683 478 1736 eadem
493 1682 593 1754 petitus
608 1681 715 1735 insidiis
737 1681 828 1744 audio,
850 1699 910 1752 quar
934 1680 1003 1735 latro
1017 1691 1096 1753 atque
1107 1691 1132 1730 1⁵

160 1758 178 1790 “
190 1757 340 1814 insidiator.
381 1759 446 1814 Nou
461 1760 646 1830 nequidquam
661 1758 705 1812 isti
721 1776 806 1812 unum
822 1757 994 1812 Demetrium
1011 1757 1097 1813 filium

158 1835 177 1868 “
189 1843 215 1890 te
234 1836 346 1904 habere,
369 1855 412 1890 me
433 1835 572 1889 subditum
601 1846 628 1890 et
655 1834 754 1908 pellice
782 1836 907 1908 genitum
934 1837 1095 1909 appellant:

158 1914 261 1983 “nam,
276 1913 298 1969 si
312 1913 438 1988 gradum,
459 1912 482 1967 si
503 1913 645 1968 caritatem
667 1913 714 1967 lilii
739 1914 811 1986 apud
826 1924 853 1968 te
877 1913 1015 1981 haberem,
1041 1933 1096 1969 non
1153 1977 1155 1982 ,

158 1990 275 2046 “inme
295 2003 456 2065 querentem
478 1990 665 2064 deprehensas
688 1990 811 2056 insidias,
833 1991 881 2046 sed
904 1992 932 2046 in
959 2010 1023 2046 eum
1051 1992 1096 2064 qui

156 2072 176 2104 “
188 2067 307 2134 fecisset,
322 2070 450 2124 saevires:
472 2087 525 2123 nec
539 2065 608 2122 adeo
621 2069 670 2124 tibi
686 2069 745 2123 vilis
767 2069 822 2123 vita
846 2079 918 2124 esset
941 2080 1042 2133 nostre,
1067 2079 1131 2126 uteo

157 2150 239 2201 “nec
253 2148 389 2220 preterito
402 2146 525 2220 periculo
539 2165 600 2201 meo
614 2147 771 2210 movereris
794 2165 883 2218 neque
904 2145 1003 2215 futuro,
1019 2147 1041 2202 si
1057 2148 1096 2202 in-

157 2224 350 2281 “sidiantibus
364 2225 398 2280 sit
420 2225 539 2299 impune.
581 2223 689 2296 Itaque,
710 2224 732 2279 si
753 2224 821 2278 mori
843 2224 958 2280 tacitum
979 2235 1094 2297 oportet,

155 2307 175 2341 “
186 2313 337 2373 taceamne,
359 2303 462 2376 precati
483 2303 587 2358 tantdm
609 2301 693 2368 Deos,
715 2314 745 2358 ut
766 2321 782 2356 e
802 2319 846 2356 me
867 2315 988 2376 emptum
1004 2303 1095 2358 scelus

155 2385 174 2418 “
186 2381 214 2436 in
229 2401 272 2436 me
288 2382 370 2436 linem
386 2381 493 2445 babeat,
518 2399 571 2435 nec
593 2398 641 2453 per
655 2398 747 2435 meum
762 2380 833 2435 latus
849 2392 877 2435 tu
891 2381 1000 2453 peteris
1043 2380 1093 2435 Sin

155 2463 174 2497 “
185 2469 277 2514 autem
293 2459 376 2533 (quod
392 2459 588 2513 circumventis
603 2458 630 2513 in
645 2458 806 2512 solitudine¹
818 2470 916 2513 natura
938 2459 997 2532 ipsa
1011 2458 1129 2532 subji-es

154 2536 232 2606 “cit,
260 2548 289 2596 ut
315 2536 466 2605 hominnm,
493 2555 560 2608 quos
587 2555 728 2608 nunquam
754 2535 879 2604 viderint,
902 2535 1092 2591 lidemtamen

154 2619 173 2653 “
184 2612 342 2689 implorent)
366 2613 432 2667 milri
453 2631 570 2686 quoque,
593 2613 694 2668 serrum
716 2614 743 2668 in
765 2631 810 2668 me
831 2614 957 2669 strictum
978 2632 1092 2670 cernen·
1152 2632 1159 2640 ⁸

153 2697 172 2731 “
182 2690 212 2756 ti,
228 2709 322 2746 vocem
337 2691 444 2745 mittere
459 2690 560 2756 liceat3
582 2701 679 2762 perte,
701 2691 873 2763 patriumque
888 2711 1000 2762 nomen,
1020 2691 1092 2766 quod
1152 2693 1156 2714 ¹

154 2769 237 2825 “utri
260 2769 382 2828 nostrum
397 2767 520 2824 sanctius
533 2768 576 2838 sit,
596 2768 652 2841 jam
674 2765 780 2841 pridem
802 2770 957 2840 sentis,'ita
979 2789 1023 2825 me
1045 2789 1092 2824 au·
1123 2775 1124 2782 ’

153 2855 172 2889 “
183 2847 251 2916 dias,
266 2867 372 2921 precor,
387 2858 525 2919 tamqnam
540 2846 572 2912 si,
588 2864 655 2901 voce
676 2857 703 2902 et
724 2847 939 2920 comploratione
954 2848 1091 2903 nocturna
1101 2859 1128 2898 ao

152 2935 171 2968 ‘t
182 2927 298 2998 excitus,
314 2926 380 2981 mihi
394 2925 533 2998 quiritanti
556 2925 760 2990 intervenisses‚
784 2925 956 2980 Demetrium
972 2945 1034 2980 cum
1050 2944 1092 2980 ar-

153 3004 264 3058 “matis
279 3015 359 3060 nocte
383 3002 547 3076 intempeste
568 3003 596 3057 in
618 3003 753 3058 vestibulo
767 3021 829 3058 meo
850 3003 1090 3076 deprehendisses,

152 3080 267 3139 “Quod
282 3093 339 3137 tum
362 3081 525 3138 vociferarer
546 3079 574 3135 in
596 3099 625 3134 re
646 3081 774 3154 praesenti
789 3081 911 3154 pavidus,
937 3081 989 3136 hoc
1012 3099 1089 3138 nunc

152 3169 290 3232 “postero
304 3160 348 3215 die
369 3179 475 3232 queror.
516 3157 623 3229 Frater,
637 3177 692 3213 non
714 3158 922 3214 comissantium
945 3159 973 3214 in
999 3159 1089 3216 ricem

99 3235 100 3238 ’
152 3236 236 3311 “jam
260 3237 306 3291 diu
328 3238 443 3292 vivimus
464 3237 614 3292 internos.
662 3237 795 3310 Regnare
816 3236 909 3308 utique
930 3237 989 3292 vis:
1023 3237 1124 3294 luricas

152 3327 171 3362 ‘t
182 3315 241 3389 spei
257 3325 310 3370 tuae
330 3315 419 3370 obstat
433 3328 498 3370 retas
513 3333 583 3385 mea,
604 3315 694 3370 obstat
710 3315 834 3388 gentium
854 3314 909 3387 juS,
931 3315 1021 3370 obstat
1044 3333 1090 3371 ve-

151 3406 171 3440 tt
182 3403 270 3448 tustus
284 3391 457 3448 Macedoniae
472 3411 540 3462 moe,
554 3393 643 3448 obstat
665 3391 728 3446 rerd
748 3393 830 3447 etiam
844 3393 928 3464 patris
940 3393 1087 3466 judicium.

152 3471 171 3506 “
182 3471 253 3526 Haec
266 3471 471 3534 transcendere,
487 3471 539 3525 'nisi
554 3489 602 3543 per
616 3489 708 3525 meum
733 3469 908 3543 sanguinem,
924 3489 978 3525 nou
992 3482 1086 3544 potes:

151 3549 170 3582 “
180 3544 273 3604 omnia
286 3547 389 3604 moliris
402 3558 430 3602 et
443 3559 550 3604 tentas:
572 3548 663 3603 adhuc
677 3567 726 3603 seu
741 3567 807 3602 cura
822 3565 892 3618 mea,
907 3549 1086 3616 sertorium,

151 3625 279 3682 “restitit
293 3625 439 3699 parricidio
453 3641 507 3682 tuo.
550 3625 687 3681 Hesternd
708 3626 753 3681 die
769 3626 795 3680 in
811 3625 981 3698 lustratione,
1000 3639 1027 3684 et
1041 3629 1124 3683 ‹ie-ro
1146 3639 1150 3647 ’

151 3705 170 3738 “
181 3721 274 3766 cursu,
289 3715 316 3758 et
330 3702 477 3759 simulacro
491 3703 598 3758 ludicro
611 3722 719 3777 pugnae,
735 3703 876 3758 funestum
890 3705 973 3777 prope
995 3705 1087 3778 proeli·

151 3780 169 3812 “
181 3798 227 3834 um
241 3773 346 3861 lecisti3
367 3797 421 3837 nec
436 3799 480 3836 me
493 3780 568 3835 aliud
589 3799 606 3836 a
623 3793 710 3837 morte
731 3781 889 3849 vindicavit,
911 3783 993 3856 quam
1013 3782 1088 3857 qued
