2620 4200
169 358 227 420 22⁰
549 353 615 404 τιτι
631 353 712 402 srvrr

171 499 258 570 iactis,
272 498 343 555 inter
356 495 463 553 mitiora
473 495 530 570 jam
544 495 685 553 hominurn
709 493 841 552 transibat
864 495 983 571 ingenia.
1023 497 1102 557 Invi-0

170 579 243 635 sitati
256 593 374 649 namque
388 585 469 631 antea
490 573 662 663 alienigenis,
684 588 736 630 rrec
750 573 842 630 videre
856 574 905 649 ipsi
920 576 1053 633 advenam
1064 579 1099 634 in

170 659 219 712 sul
233 657 302 711 terra
317 653 428 722 assueti,
450 653 526 708 omni
547 651 642 726 generi
666 651 786 707 humano
809 652 983 709 insociabiles
1000 667 1102 712 erant

169 744 197 790 et
216 732 336 805 primd'
330 731 427 806 rgnari,
449 730 503 805 qud
524 730 627 786 Poenus
646 740 781 803 pergeret,
812 749 875 786 suas
894 749 975 806 rupes
995 751 1100 808 suaque

168 810 290 874 castella,
320 821 348 867 et
367 825 497 884 pecorum
530 808 725 881 hominumque
752 807 872 880 predam
898 809 953 882 peti
973 811 1099 867 eredide-
1121 831 1152 872 ⁵,

168 898 248 946 rant:
281 887 353 944 sarna
367 887 468 944 deinde
482 887 581 943 Punici
607 886 679 952 belli,
703 903 757 958 quo
778 886 973 943 duodecimum
994 907 1097 946 annum

167 965 249 1023 Italia
270 966 407 1035 urebatur,
432 966 497 1021 satis
517 965 674 1028 edocuerat,
696 964 767 1019 viam
786 963 893 1020 tanturn
912 965 999 1040 Alpes
1018 983 1099 1022 esse.

168 1045 238 1101 duas
260 1043 420 1118 praevalidas
442 1045 532 1110 urbes,
556 1061 657 1116 rnagno
678 1042 748 1098 inter
768 1061 797 1097 se
812 1043 894 1098 maris
913 1054 1099 1118 terrarumque

167 1122 255 1198 spatio
268 1122 409 1190 discretas,
430 1122 464 1177 de
484 1121 600 1195 imperio
613 1131 640 1176 et
659 1120 757 1194 opibus
779 1132 893 1177 certare.
935 1121 986 1176 Ha
1007 1139 1099 1179 causa

168 1210 332 1274 aperuerant
353 1200 439 1274 Alpes
466 1199 642 1255 Hasdrubali.
695 1198 845 1263 Ceterum,
868 1199 939 1271 quod
959 1199 1137 1258 celeritatem

167 1278 274 1334 itineris
287 1278 441 1352 profectum
454 1288 522 1344 erat,
537 1277 565 1332 id
576 1295 652 1332 mora
672 1276 705 1331 ad
721 1275 901 1342 Placentiam,
920 1277 986 1332 dom
1000 1278 1101 1335 trustra

167 1356 274 1414 obsidet
300 1356 388 1430 magis
408 1356 489 1429 quim
502 1365 650 1429 oppugnat,
671 1355 801 1428 corrupit.
841 1353 1004 1411 Crediderat
1025 1373 1101 1412 earn·

164 1434 265 1510 pestris
277 1434 370 1508 oppidi
384 1433 493 1489 facilem
494 1432 743 1507 expugnationem
766 1449 847 1488 esse:
873 1442 901 1487 et
914 1432 1041 1490 nobilitas
1054 1451 1100 1490 co·

166 1511 248 1570 loniae
262 1512 408 1568 induxerat
421 1530 494 1600 eurn,
509 1529 640 1585 magnum
655 1528 684 1565 se
704 1510 827 1566 exscidio
849 1510 909 1584 ejus
923 1510 998 1566 urbis
1016 1522 1098 1568 terro·

165 1608 225 1647 rem
240 1590 348 1647 caeteris
361 1600 450 1646 ratum
473 1589 649 1664 injecturum.
690 1588 784 1644 Non
777 1606 866 1661 ipsum
890 1588 978 1644 solum
999 1607 1033 1645 ea
1047 1607 1133 1688 op-rs

165 1655 299 1756 ppg'uatio
312 1668 455 1742 impediit3
486 1668 533 1723 sed
557 1666 743 1723 Hannibalem
747 1676 829 1739 ‚post
852 1666 952 1721 sarnam
971 1666 1099 1724 transitus

165 1745 226 1819 ejus
239 1745 316 1800 tanto
330 1763 378 1818 spe
392 1748 439 1800 sual
463 1745 634 1809 celeriorem,
658 1744 716 1817 jam
739 1753 895 1800 moventem
919 1763 954 1800 ex
968 1745 1099 1818 hibernis,

165 1822 360 1888 continuerat,
380 1822 480 1910 quippe
494 1830 678 1908 reputantem,
691 1839 746 1876 non
760 1821 852 1877 solum
865 1822 947 1894 quim
968 1823 1042 1879 lenta
1055 1842 1100 1879 ur-

166 1897 243 1956 bium
256 1899 424 1973 oppugnatio
437 1910 518 1964 esset,
534 1899 581 1954 sed
595 1898 678 1954 etiarn
692 1897 795 1971 quim
788 1917 846 1972 rpse
860 1899 960 1971 frustra
972 1901 1099 1958 eamdem

164 1976 240 2034 illam
254 1977 400 2044 coloniam,
414 1976 449 2032 ab
462 1976 567 2033 Trebia
580 1976 666 2032 victor
679 1994 829 2050 regressus,
844 1979 984 2034 tentusset.
1108 1996 1133 2036 sa

204 2133 266 2191 XL.
288 2133 433 2199 Consules,
448 2133 562 2190 dirersis
575 2133 720 2189 itineribus
733 2131 848 2207 proiecti
872 2133 907 2188 ab
927 2133 1012 2201 Urbe,
1027 2135 1101 2192 velut

165 2206 196 2270 in
210 2213 265 2269 duo
278 2211 379 2286 pariter
393 2211 465 2268 bella
487 2211 676 2268 distenderant
699 2229 780 2266 curas
793 2211 944 2282 hominum,
964 2212 1046 2268 simul
1060 2231 1101 2269 ra-

166 2290 350 2356 cordantiunr,
378 2307 446 2364 quas
472 2290 576 2364 primus
607 2289 740 2345 adventus
770 2288 937 2344 Hannibalis
964 2290 1100 2348 intulisset

166 2367 257 2426 Italiae
279 2368 388 2437 olades;
422 2368 513 2439 simul,
527 2386 612 2442 quurn
632 2365 679 2423 illa
698 2377 813 2442 angeret
832 2384 908 2438 cura,
921 2376 1024 2442 “quos
1043 2378 1099 2425 tam
1149 2434 1152 2439 ¹

88 2513 92 2520 Ι
166 2447 325 2521 “propitios
346 2446 406 2502 urbi
427 2457 507 2519 atque
521 2445 637 2520 imperio
650 2445 706 2501 fore
720 2444 804 2511 Deos,
824 2455 854 2500 ut
866 2445 963 2500 eodem
977 2456 1099 2520 tempore
1108 2465 1133 2506 aa

166 2524 337 2597 “utrobique
352 2542 395 2580 res
410 2523 521 2597 publica
533 2525 663 2598 prospere
677 2525 841 2597 gereretur?
881 2522 985 2579 Adhuc
1006 2525 1100 2580 adver·
1155 2537 1158 2544 ’

166 2611 224 2656 “sa
237 2601 369 2656 secundis
382 2601 524 2674 pensando
547 2620 606 2656 rem
620 2600 654 2656 ad
678 2601 706 2656 id
721 2611 828 2674 tempus
849 2611 1000 2658 extractam
1021 2619 1097 2657 esse:

144 2685 278 2753 ‚⁸‘quum
293 2678 321 2735 in
344 2677 424 2734 Italia
444 2679 478 2733 ad
500 2678 696 2734 Trasimenum
717 2688 745 2733 et
765 2673 878 2734 Cannas
901 2679 1099 2755 praecipitdsset
1169 2691 1175 2706 ‘

166 2764 185 2794 “
194 2757 324 2815 Romana
336 2774 388 2824 rer
411 2773 540 2830 prospera
560 2754 658 2811 bella'
652 2775 679 2810 ιιι
704 2755 841 2829 Hispania
864 2759 1015 2832 prolapsam
1037 2775 1098 2813 eam

166 2845 185 2872 “
194 2835 334 2893 erexisse·
364 2845 468 2907 postea,
488 2851 573 2908 quum
587 2833 615 2889 iu
637 2833 775 2923 Hispaniis
789 2835 842 2890 alia
855 2853 937 2910 super
950 2836 1031 2892 aliam
1045 2835 1100 2892 cla·
1108 2853 1134 2893 au

166 2916 251 2984 “des,
266 2913 373 2970 duobus
396 2912 516 2988 egregiis
533 2912 652 2968 ducibus
673 2912 788 2977 amissis,
813 2913 882 2969 duos
904 2913 1043 2968 exercitus
1064 2927 1100 2969 ex

165 2994 269 3067 “parte
290 2991 418 3057 delesset,
443 2990 529 3046 multa
552 2991 677 3046 secunda
704 2991 732 3045 in
753 2989 833 3046 Italis
854 2991 1003 3062 Sicilidque
1020 3003 1099 3063 gesta

166 3079 347 3142 “quassatam
361 3068 558 3143 rempublicam
582 3069 741 3142 excepisset
760 3078 796 3124 et
820 3068 907 3142 ipsum
925 3066 1097 3123 intervallum

167 3146 256 3216 “loci
271 3148 342 3221 quod
353 3148 381 3203 in
391 3147 493 3204 ultimis
501 3158 633 3202 terrarum
642 3146 697 3202 oris
707 3145 822 3202 alterum
837 3145 935 3200 bellurn
946 3155 1097 3217 gereretur,

167 3225 312 3300 “spatium
323 3224 432 3281 dedisse
443 3225 477 3281 ad
489 3225 687 3299 respirandum.
708 3223 794 3280 Nunc
804 3225 858 3280 duo
869 3222 940 3278 bella
951 3223 978 3278 in
990 3223 1097 3279 ltaliam
1106 3241 1133 3280 :rs

168 3313 186 3341 “
196 3312 318 3376 accepta,
340 3302 395 3358 duo
417 3303 589 3360 celeberrimi
610 3301 730 3363 nominis
751 3303 837 3358 duces
854 3300 1033 3357 circumstare
1054 3319 1099 3358 ur-

167 3383 258 3440 “bem
272 3381 438 3450 Romanam,
453 3391 480 3437 et
493 3399 579 3436 unum
598 3380 732 3436 inlocum
756 3392 839 3437 totam
853 3379 968 3453 periculi
987 3379 1098 3447 molem,

168 3471 277 3517 “omne
303 3477 373 3516 onus
399 3459 575 3515 incubuisse:
608 3457 654 3533 qui
677 3476 770 3515 eorurn
794 3457 866 3532 prior
887 3458 1004 3527 vicisset,
1026 3457 1101 3514 intra

169 3549 299 3612 “paucos
312 3537 371 3593 dies
389 3549 479 3593 castra
498 3555 562 3592 cum
584 3537 668 3592 altero
686 3536 875 3611 junctorum.'’
914 3535 1051 3592 Terrebat
1070 3545 1098 3592 et

167 3616 308 3692 proximus
321 3633 411 3672 annus
423 3615 548 3690 lugubris
561 3616 677 3670 duorum
695 3615 839 3672 consulum
854 3613 1004 3670 funeribus.
1045 3613 1133 3670 Hieta

169 3692 244 3750 anxii
258 3695 332 3750 curis
346 3692 471 3750 homines
484 3693 671 3767 digredientes
685 3693 713 3748 in
730 3693 884 3767 provincias
898 3693 1025 3749 consules
1037 3709 1099 3767 pro-

169 3769 258 3827 secuti
272 3781 343 3828 sunt.
384 3770 527 3827 Memoria
540 3770 676 3844 proditum
691 3780 741 3837 est,
763 3769 876 3846 plenum
896 3771 988 3828 adhue
1008 3771 1055 3828 ire
1067 3770 1099 3825 in
