2620 4200
508 353 609 409 LIBER
623 359 677 408 XL.
708 373 837 410 cretur.
1038 317 1043 329 ι
1090 357 1147 429 m?

218 503 375 569 “tutatus’'
415 500 512 562 Quum
526 519 654 575 pavorem
674 500 789 574 mistum
809 499 991 560 admiratione
1013 501 1083 578 patri
1097 500 1148 560 'im

215 583 336 660 iecisset,
357 587 375 618 “
384 580 479 653 Atqui,
499 579 521 636 si
542 598 623 636 aures
648 579 769 653 prebere
791 579 895 652 potes,”
917 578 1013 652 iuquit,
1034 578 1149 639 “maui-

218 670 236 699 “
247 661 344 718 sestam
365 678 422 716 rem
442 669 548 722 teneas,
569 656 699 714 saciam.”
740 655 915 714 “Enimvero
928 658 985 727 se,'’
1005 653 1150 734 Philippus

218 738 322 809 dicere,
331 743 349 774 “
359 737 530 802 auditurum
540 735 555 760 ’¹
571 735 716 808 vocarique
726 733 863 807 externplo
872 733 1044 792 Demetrium
1053 734 1149 810 jussit:

194 826 247 880 set
256 816 377 874 seniores
391 814 459 870 duos
473 813 586 882 amicos,
604 822 731 886 expertes
754 811 825 868 inter
848 811 944 868 iratres
957 812 1151 883 certaminum,

218 893 406 968 infrequentes
427 890 483 964 jam
508 889 535 945 in
559 888 644 962 regii,
658 889 854 962 Lysimachum
874 900 901 946 et
914 889 1097 948 Onomastum
1111 909 1153 951 ur·

219 970 312 1041 cessit,
326 989 394 1047 quos
407 969 435 1024 in
449 967 564 1026 consilio
579 966 700 1024 haberet.
741 965 814 1022 Dum
830 967 945 1024 veniunt
964 968 1057 1044 amici,
1077 967 1152 1026 solus

219 1047 276 1114 filio
288 1046 383 1122 procul
397 1057 494 1113 stante,
516 1043 602 1100 mrrlta
622 1063 718 1102 secum
741 1044 833 1100 animo
848 1044 980 1116 volutans,
1001 1045 1154 1105 inambula-

179 1121 182 1129 “
206 1124 276 1186 nit:
298 1135 439 1200 postquam
453 1122 561 1178 venisse
574 1139 622 1176 eos
636 1123 791 1179 nuntiatum
805 1136 856 1187 est,
878 1123 992 1180 secessit
1005 1123 1034 1180 in
1047 1133 1154 1196 partem

188 1214 212 1261 lt
221 1201 376 1268 interiorem
402 1220 467 1257 curn
494 1199 601 1255 duobus
619 1199 726 1270 amicis,
748 1199 860 1266 totidem
884 1201 1045 1260 custodibus
1058 1219 1154 1275 corpo·

220 1279 276 1335 ris:
297 1279 368 1347 filiis,
382 1289 413 1334 ut
425 1289 518 1334 ternos
533 1276 652 1332 inermes
665 1295 760 1334 secum
785 1277 1000 1343 introducerent,
1021 1277 1154 1352 permisit.

221 1355 265 1413 Ibi
278 1375 362 1430 quum
384 1355 574 1411 consedisset:
595 1354 744 1425 “Sedes’'
768 1354 865 1428 iuquit,
893 1355 1088 1413 “miserrimus
1109 1375 1155 1431 pa-

221 1439 240 1471 “
251 1445 301 1500 ter,
329 1434 416 1510 judex
438 1434 508 1490 inter
535 1432 605 1498 duos
634 1432 712 1501 lilios,
741 1443 929 1490 accusatorem
957 1434 1106 1508 parricidii,
1127 1444 1157 1492 et

222 1517 327 1576 “reum
339 1531 347 1580 3
378 1522 426 1570 aut
438 1509 551 1568 conficti
564 1521 612 1568 aut
625 1509 737 1568 admissi
751 1509 875 1568 criminis
888 1511 978 1568 labem
993 1513 1065 1586 apud
1080 1529 1157 1570 meos

191 1595 241 1641 15“
251 1590 419 1652 inventurus.
460 1588 524 1649 iam
544 1587 650 1662 pridem
670 1587 781 1660 quidem
803 1588 875 1645 hanc
899 1589 1046 1664 procellam
1068 1577 1156 1649 imbi-

224 1676 242 1703 “
252 1678 364 1729 nentem
378 1666 519 1732 timebam,
533 1685 617 1740 quum
632 1665 722 1724 vultus
736 1665 806 1722 inter
828 1683 874 1722 vos
893 1666 1007 1726 minime
1022 1667 1157 1726 fraternos

223 1750 241 1782 “
250 1763 403 1814 cernerem,
429 1763 512 1818 quum
535 1762 616 1802 voces
635 1743 768 1817 quasdam
788 1744 956 1802 exaudirem.
997 1746 1053 1802 Sed
1074 1745 1158 1803 intem

224 1827 242 1858 “
251 1823 319 1882 dum
333 1841 395 1896 spes
408 1823 531 1884 animum
544 1821 663 1891 subibat,
687 1819 839 1896 deflagrare
852 1821 906 1878 iras
920 1833 1032 1894 vestras,
1045 1822 1158 1898 purgari

225 1904 244 1935 “
254 1899 433 1972 suspiciones,
454 1917 555 1972 posse:
587 1898 670 1954 etiam
701 1898 802 1968 hostes,
830 1900 913 1957 armis
942 1897 1046 1976 positis,
1067 1901 1158 1962 fredus

191 1988 216 2028 ao
225 1978 244 2014 “
253 1977 345 2045 icisse,
359 1987 387 2032 et
400 1976 517 2050 priuatas
538 1975 686 2032 multorum
701 1975 854 2038 simultates
867 1977 977 2036 linitas:
1005 1977 1159 2038 subituram

226 2059 244 2092 ‘t
253 2053 328 2112 vobis
342 2054 487 2127 aliquando
501 2052 691 2128 germanitatis
705 2052 874 2124 memoriam,
895 2054 1007 2130 puerilis
1019 2055 1159 2132 quondam

225 2131 435 2206 “simplicitatis
449 2130 711 2203 consuetudinisque
732 2130 803 2189 inter
824 2149 881 2202 ros,
894 2151 1018 2192 meorum
1039 2133 1159 2208 denique

226 2215 470 2284 “praeceptoruru;
497 2227 567 2282 quae,
583 2226 686 2275 vereor,
705 2227 742 2268 ue
763 2201 833 2266 valna
853 2210 942 2266 surdis
962 2211 1074 2270 auribus
1087 2211 1161 2268 ceci·

226 2293 245 2324 “
256 2287 353 2345 nerim.
394 2285 514 2348 Quoties
527 2304 588 2360 ego,
604 2284 780 2342 audientibus
795 2286 880 2352 vobis,
899 2287 1049 2346 detestatus
1068 2307 1161 2347 erem-

174 2365 300 2439 caspia
318 2365 517 2426 discordiarum
538 2362 729 2430 fraternarum,
761 2363 911 2423 horrendos
930 2377 1046 2423 eventus
1066 2384 1162 2432 eorum

228 2446 245 2482 ‘⁵
256 2443 345 2508 retuli,
366 2443 464 2516 quibus
478 2460 507 2498 se
522 2441 687 2514 stirpemque
708 2459 796 2512 suam,
810 2441 914 2508 domos
929 2461 1023 2518 regna,
1037 2443 1162 2507 funditus

228 2521 432 2576 “evertissent!
474 2517 591 2576 Meliora
604 2538 711 2592 quoque
725 2519 852 2594 exempla
865 2530 940 2594 parte
961 2521 1047 2582 alteri
1066 2521 1145 2596 posui
1153 2541 1163 2590 ‚·

228 2597 413 2656 “sociabilem
428 2596 631 2657 consortionem
645 2596 715 2655 iuter
736 2595 815 2654 binos
833 2597 1106 2658 Lacedaemoniorum
1121 2618 1165 2658 re·

229 2681 313 2750 “ges,
338 2676 484 2734 salutarem
505 2694 553 2748 per
577 2673 664 2734 multa
682 2673 783 2730 saecula
803 2675 870 2748 ipsis
882 2677 1039 2750 patriaeque.
1081 2677 1165 2734 Eam-

196 2757 248 2800 solt
257 2751 321 2808 dem
341 2753 489 2820 civitatem,
503 2769 645 2826 postquam
667 2771 726 2810 mos
747 2752 799 2810 sibi
819 2753 919 2828 cuique
934 2755 1058 2828 rapiendi
1072 2765 1164 2830 tyran·

231 2829 351 2886 “uidem
372 2841 480 2886 exortus
506 2831 550 2894 sit,
570 2848 702 2890 eversam.
755 2829 818 2890 Jam
839 2831 888 2886 hos
909 2831 1065 2891 Eumenem
1086 2831 1165 2888 Atta·

231 2905 369 2982 “lumque
392 2906 499 2977 fratres,
522 2925 539 2962 a
559 2905 643 2980 quiam
663 2907 771 2979 exiguis
793 2908 885 2971 rebus,
908 2907 992 2984 propri
1006 2919 1037 2965 ut
1049 2908 1166 2983 puderet

231 2985 327 3059 “regii
349 2985 477 3053 nominis,
504 2984 580 3049 mihi,
609 2984 758 3053 Antiocho,
779 2995 808 3042 et
829 2985 945 3046 cuilibet
964 3005 1062 3061 regum
1083 2986 1166 3062 hujus

231 3063 355 3133 “aetatis,
383 3062 459 3120 nullai
477 3080 507 3118 re
528 3062 623 3138 magis,
648 3061 732 3136 quiam
754 3062 873 3121 fraterni
894 3064 1085 3132 unanimitate,
1106 3083 1167 3139 reg·

198 3145 326 3196 asttnum
347 3140 477 3214 nequisse.
518 3139 563 3196 Ne
590 3141 727 3199 Rorrmnis
750 3140 861 3214 quidem
882 3141 1015 3216 exemplis
1036 3142 1165 3214 abstinui,

232 3221 251 3254 ‘l
260 3236 320 3292 quae
333 3228 381 3274 aut
394 3218 451 3275 visa
471 3228 518 3275 aut
542 3217 635 3276 audita
648 3219 784 3274 habebam
796 3237 802 3285 ;
837 3217 873 3274 T.
888 3230 916 3276 et
929 3219 961 3278 L.
974 3219 1165 3290 Quintiorum,

233 3295 305 3374 “qni
326 3295 427 3355 bellurn
446 3314 556 3352 mecum
576 3306 738 3370 gesserunt3
772 3294 803 3350 P.
827 3306 855 3352 et
876 3297 908 3356 L.
934 3298 1107 3374 Scipionum,
1119 3297 1167 3371 qui

233 3373 428 3429 “Antiochum
449 3373 629 3440 devicerunt3
662 3372 746 3447 patris
766 3373 915 3447 patruique·
927 3394 1032 3448 eorum,
1051 3393 1168 3448 quorum

233 3453 418 3524 “perpetuam
445 3450 507 3506 rite
526 3451 702 3507 concordiam
723 3467 796 3510 mors
815 3470 922 3526 quoque
942 3453 1062 3512 miscuit.
1110 3451 1168 3510 Ne·

201 3537 225 3578 tt
234 3531 313 3601 “que
326 3547 373 3586 vos
387 3527 495 3584 illorum
508 3527 608 3599 scelus,
622 3527 772 3602 similisque
793 3528 891 3586 sceleri
909 3542 1033 3600 eventus,
1048 3530 1168 3592 deterre·

173 3653 177 3664 .
234 3607 321 3664 “rea
340 3605 449 3662 vecordi
470 3604 607 3662 discordii
627 3605 732 3679 potuit3
761 3624 851 3680 neque
869 3607 966 3668 horum
985 3608 1058 3668 bona
1077 3627 1167 3676 mens,

236 3681 335 3738 “bona
348 3681 466 3754 fortuna,
480 3682 514 3738 ad
529 3681 673 3740 sanitatem
688 3683 807 3741 flectere.
847 3685 919 3744 Viro
932 3696 959 3745 et
979 3685 1100 3758 spirante
1113 3703 1168 3756 me,

236 3759 452 3819 “hereditatem
479 3779 569 3817 meam
595 3761 676 3818 ambo
695 3772 723 3818 et
743 3780 790 3838 spe
820 3772 848 3818 et
876 3763 1026 3839 cupiditate
1044 3761 1170 3840 improbi
