<?xml version="1.0" encoding="UTF-8"?>
<!DOCTYPE html PUBLIC "-//W3C//DTD XHTML 1.0 Transitional//EN"
    "http://www.w3.org/TR/xhtml1/DTD/xhtml1-transitional.dtd">
<html xmlns="http://www.w3.org/1999/xhtml" xml:lang="en" lang="en">
 <head>
  <title>
</title>
<meta http-equiv="Content-Type" content="text/html;charset=utf-8" />
  <meta name='ocr-system' content='tesseract 3.04.00' />
  <meta name='ocr-capabilities' content='ocr_page ocr_carea ocr_par ocr_line ocrx_word'/>
</head>
<body>
  <div class='ocr_page' id='page_1' title='image "./historiarumetse04livygoog_0074.png"; bbox 0 0 2622 4194; ppageno 0'>
   <div class='ocr_carea' id='block_1_1' title="bbox 456 403 1247 500">
    <p class='ocr_par' dir='ltr' id='par_1_1' title="bbox 456 403 1247 500">
     <span class='ocr_line' id='line_1_1' title="bbox 456 403 1247 500; baseline 0.003 -8"><span class='ocrx_word' id='word_1_1' title='bbox 456 409 484 418; x_wconf 79' lang='grc'><strong>”</strong></span> <span class='ocrx_word' id='word_1_2' title='bbox 554 436 837 493; x_wconf 58' lang='lat' dir='ltr'><strong>cruentamur</strong></span> <span class='ocrx_word' id='word_1_3' title='bbox 965 407 994 422; x_wconf 65' lang='lat'><em>“</em></span> <span class='ocrx_word' id='word_1_4' title='bbox 1103 403 1158 500; x_wconf 69' lang='lat' dir='ltr'><strong>&#39;aa</strong></span> <span class='ocrx_word' id='word_1_5' title='bbox 1244 473 1247 486; x_wconf 58' lang='grc'><em>,</em></span> 
     </span>
    </p>
   </div>
   <div class='ocr_carea' id='block_1_2' title="bbox 218 545 1162 660">
    <p class='ocr_par' dir='ltr' id='par_1_2' title="bbox 218 545 1162 660">
     <span class='ocr_line' id='line_1_2' title="bbox 218 545 1162 660; baseline -0.002 -16"><span class='ocrx_word' id='word_1_6' title='bbox 218 572 329 644; x_wconf 55' lang='lat' dir='ltr'><strong>[urdine</strong></span> <span class='ocrx_word' id='word_1_7' title='bbox 340 599 435 641; x_wconf 75' lang='lat' dir='ltr'><strong>ornnes</strong></span> <span class='ocrx_word' id='word_1_8' title='bbox 457 557 557 642; x_wconf 85' lang='lat' dir='ltr'><strong>fidem:</strong></span> <span class='ocrx_word' id='word_1_9' title='bbox 588 583 763 642; x_wconf 78' lang='lat' dir='ltr'><strong>consolantur</strong></span> <span class='ocrx_word' id='word_1_10' title='bbox 786 601 884 660; x_wconf 73' lang='lat' dir='ltr'><strong>egram</strong></span> <span class='ocrx_word' id='word_1_11' title='bbox 897 577 992 650; x_wconf 87' lang='lat' dir='ltr'><strong>animi,</strong></span> <span class='ocrx_word' id='word_1_12' title='bbox 1006 545 1162 642; x_wconf 42' lang='lat' dir='ltr'><strong>avertendo!</strong></span> 
     </span>
    </p>
   </div>
   <div class='ocr_carea' id='block_1_3' title="bbox 133 661 1156 1204">
    <p class='ocr_par' dir='ltr' id='par_1_3' title="bbox 235 661 1153 736">
     <span class='ocr_line' id='line_1_3' title="bbox 235 661 1153 736; baseline -0.002 -16"><span class='ocrx_word' id='word_1_13' title='bbox 235 680 331 720; x_wconf 86' lang='lat' dir='ltr'><strong>noxam</strong></span> <span class='ocrx_word' id='word_1_14' title='bbox 345 661 379 718; x_wconf 84' lang='lat' dir='ltr'><strong>ab</strong></span> <span class='ocrx_word' id='word_1_15' title='bbox 392 662 492 719; x_wconf 70' lang='lat' dir='ltr'><strong>coacti</strong></span> <span class='ocrx_word' id='word_1_16' title='bbox 504 662 532 720; x_wconf 90' lang='lat' dir='ltr'><strong>in</strong></span> <span class='ocrx_word' id='word_1_17' title='bbox 546 673 686 720; x_wconf 80' lang='lat' dir='ltr'><strong>auctorem</strong></span> <span class='ocrx_word' id='word_1_18' title='bbox 697 662 807 720; x_wconf 82' lang='lat' dir='ltr'><strong>delicti:</strong></span> <span class='ocrx_word' id='word_1_19' title='bbox 828 671 946 718; x_wconf 84' lang='lat' dir='ltr'><strong>mentem</strong></span> <span class='ocrx_word' id='word_1_20' title='bbox 957 678 1082 736; x_wconf 88' lang='lat' dir='ltr'><strong>peccare,</strong></span> <span class='ocrx_word' id='word_1_21' title='bbox 1096 679 1153 720; x_wconf 91' lang='lat' dir='ltr'><strong>non</strong></span> 
     </span>
    </p>

    <p class='ocr_par' dir='ltr' id='par_1_4' title="bbox 133 737 1156 893">
     <span class='ocr_line' id='line_1_4' title="bbox 133 737 1152 814; baseline 0 -18"><span class='ocrx_word' id='word_1_22' title='bbox 133 775 135 780; x_wconf 69' lang='lat'><strong>,</strong></span> <span class='ocrx_word' id='word_1_23' title='bbox 234 757 330 814; x_wconf 82' lang='lat' dir='ltr'><strong>corpus</strong></span> <span class='ocrx_word' id='word_1_24' title='bbox 339 759 354 796; x_wconf 75' lang='lat' dir='ltr'><strong>a</strong></span> <span class='ocrx_word' id='word_1_25' title='bbox 366 750 403 806; x_wconf 84' lang='lat' dir='ltr'><strong>et,</strong></span> <span class='ocrx_word' id='word_1_26' title='bbox 418 741 492 796; x_wconf 89' lang='lat' dir='ltr'><strong>unde</strong></span> <span class='ocrx_word' id='word_1_27' title='bbox 505 739 651 798; x_wconf 80' lang='lat' dir='ltr'><strong>consilinm</strong></span> <span class='ocrx_word' id='word_1_28' title='bbox 664 739 791 812; x_wconf 85' lang='lat' dir='ltr'><strong>abluerit,</strong></span> <span class='ocrx_word' id='word_1_29' title='bbox 800 740 907 814; x_wconf 86' lang='lat' dir='ltr'><strong>culpam</strong></span> <span class='ocrx_word' id='word_1_30' title='bbox 917 739 1018 796; x_wconf 82' lang='lat' dir='ltr'><strong>abesse.</strong></span> <span class='ocrx_word' id='word_1_31' title='bbox 1038 740 1058 773; x_wconf 88' lang='lat'><strong>“</strong></span> <span class='ocrx_word' id='word_1_32' title='bbox 1066 737 1152 810; x_wconf 82' lang='lat' dir='ltr'><strong>Voa&#39;,”</strong></span> 
     </span>
     <span class='ocr_line' id='line_1_5' title="bbox 217 809 1156 893; baseline 0.002 -21"><span class='ocrx_word' id='word_1_33' title='bbox 217 813 327 892; x_wconf 85' lang='lat' dir='ltr'><strong>inquit,</strong></span> <span class='ocrx_word' id='word_1_34' title='bbox 341 820 359 854; x_wconf 75' lang='lat'><strong>‘⁴</strong></span> <span class='ocrx_word' id='word_1_35' title='bbox 369 815 499 890; x_wconf 86' lang='lat' dir='ltr'><strong>videritis,</strong></span> <span class='ocrx_word' id='word_1_36' title='bbox 512 809 577 893; x_wconf 85' lang='lat' dir='ltr'><strong>quid</strong></span> <span class='ocrx_word' id='word_1_37' title='bbox 587 817 626 874; x_wconf 92' lang='lat' dir='ltr'><strong>illi</strong></span> <span class='ocrx_word' id='word_1_38' title='bbox 645 813 795 874; x_wconf 82' lang='lat' dir='ltr'><strong>debeatur:</strong></span> <span class='ocrx_word' id='word_1_39' title='bbox 824 835 840 873; x_wconf 93' lang='lat' dir='ltr'><strong>e</strong></span> <span class='ocrx_word' id='word_1_40' title='bbox 859 836 885 886; x_wconf 93' lang='lat' dir='ltr'><strong>o,</strong></span> <span class='ocrx_word' id='word_1_41' title='bbox 908 835 961 888; x_wconf 90' lang='lat' dir='ltr'><strong>me,</strong></span> <span class='ocrx_word' id='word_1_42' title='bbox 976 815 1026 873; x_wconf 84' lang='lat' dir='ltr'><strong>ctai</strong></span> <span class='ocrx_word' id='word_1_43' title='bbox 1038 825 1156 892; x_wconf 83' lang='lat' dir='ltr'><strong>peccato</strong></span> 
     </span>
    </p>

    <p class='ocr_par' dir='ltr' id='par_1_5' title="bbox 210 836 1154 1204">
     <span class='ocr_line' id='line_1_6' title="bbox 210 836 1154 974; baseline -0.004 -19"><span class='ocrx_word' id='word_1_44' title='bbox 210 895 248 955; x_wconf 83' lang='lat'><strong>⁵“</strong></span> <span class='ocrx_word' id='word_1_45' title='bbox 258 894 379 966; x_wconf 84' lang='lat' dir='ltr'><strong>absolvo,</strong></span> <span class='ocrx_word' id='word_1_46' title='bbox 390 896 523 974; x_wconf 86' lang='lat' dir='ltr'><strong>supplicio</strong></span> <span class='ocrx_word' id='word_1_47' title='bbox 536 915 592 953; x_wconf 90' lang='lat' dir='ltr'><strong>uon</strong></span> <span class='ocrx_word' id='word_1_48' title='bbox 606 892 709 952; x_wconf 87' lang='lat' dir='ltr'><strong>libero:</strong></span> <span class='ocrx_word' id='word_1_49' title='bbox 738 914 792 952; x_wconf 88' lang='lat' dir='ltr'><strong>nec</strong></span> <span class='ocrx_word' id='word_1_50' title='bbox 815 836 870 951; x_wconf 78' lang='lat' dir='ltr'><strong>ulla</strong></span> <span class='ocrx_word' id='word_1_51' title='bbox 892 894 991 952; x_wconf 85' lang='lat' dir='ltr'><strong>deinde</strong></span> <span class='ocrx_word' id='word_1_52' title='bbox 1014 893 1154 970; x_wconf 84' lang='lat' dir='ltr'><strong>impudica</strong></span> 
     </span>
     <span class='ocr_line' id='line_1_7' title="bbox 228 965 1153 1048; baseline 0.002 -19"><span class='ocrx_word' id='word_1_53' title='bbox 228 972 247 1007; x_wconf 87' lang='lat'><strong>“</strong></span> <span class='ocrx_word' id='word_1_54' title='bbox 258 970 397 1030; x_wconf 77' lang='lat' dir='ltr'><strong>Lucretiae</strong></span> <span class='ocrx_word' id='word_1_55' title='bbox 410 972 534 1048; x_wconf 85' lang='lat' dir='ltr'><strong>exemplo</strong></span> <span class='ocrx_word' id='word_1_56' title='bbox 547 973 647 1030; x_wconf 80' lang='lat' dir='ltr'><strong>vivet”</strong></span> <span class='ocrx_word' id='word_1_57' title='bbox 688 972 822 1043; x_wconf 87' lang='lat' dir='ltr'><strong>Cultrum,</strong></span> <span class='ocrx_word' id='word_1_58' title='bbox 846 985 927 1046; x_wconf 88' lang='lat' dir='ltr'><strong>quem</strong></span> <span class='ocrx_word' id='word_1_59' title='bbox 950 972 1000 1029; x_wconf 81' lang='lat' dir='ltr'><strong>sub</strong></span> <span class='ocrx_word' id='word_1_60' title='bbox 1017 983 1092 1028; x_wconf 89' lang='lat' dir='ltr'><strong>veste</strong></span> <span class='ocrx_word' id='word_1_61' title='bbox 1105 965 1153 1032; x_wconf 90' lang='lat' dir='ltr'><strong>ab·</strong></span> 
     </span>
     <span class='ocr_line' id='line_1_8' title="bbox 227 1048 1151 1128; baseline 0.002 -22"><span class='ocrx_word' id='word_1_62' title='bbox 227 1048 317 1106; x_wconf 89' lang='lat' dir='ltr'><strong>ditum</strong></span> <span class='ocrx_word' id='word_1_63' title='bbox 331 1051 457 1122; x_wconf 87' lang='lat' dir='ltr'><strong>habebat,</strong></span> <span class='ocrx_word' id='word_1_64' title='bbox 471 1070 534 1108; x_wconf 89' lang='lat' dir='ltr'><strong>enm</strong></span> <span class='ocrx_word' id='word_1_65' title='bbox 549 1051 578 1108; x_wconf 92' lang='lat' dir='ltr'><strong>in</strong></span> <span class='ocrx_word' id='word_1_66' title='bbox 592 1051 674 1128; x_wconf 91' lang='lat' dir='ltr'><strong>corde</strong></span> <span class='ocrx_word' id='word_1_67' title='bbox 685 1049 798 1126; x_wconf 84' lang='lat' dir='ltr'><strong>defigit:</strong></span> <span class='ocrx_word' id='word_1_68' title='bbox 817 1049 996 1125; x_wconf 77' lang='lat' dir='ltr'><strong>prolapsaque</strong></span> <span class='ocrx_word' id='word_1_69' title='bbox 1002 1050 1033 1109; x_wconf 91' lang='lat' dir='ltr'><strong>in</strong></span> <span class='ocrx_word' id='word_1_70' title='bbox 1044 1050 1151 1117; x_wconf 77' lang='lat' dir='ltr'><strong>rutum,</strong></span> 
     </span>
     <span class='ocr_line' id='line_1_9' title="bbox 228 1127 945 1204; baseline -0.003 -18"><span class='ocrx_word' id='word_1_71' title='bbox 228 1127 393 1186; x_wconf 87' lang='lat' dir='ltr'><strong>moribunda</strong></span> <span class='ocrx_word' id='word_1_72' title='bbox 406 1127 516 1186; x_wconf 87' lang='lat' dir='ltr'><strong>cecidit.</strong></span> <span class='ocrx_word' id='word_1_73' title='bbox 557 1127 741 1186; x_wconf 80' lang='lat' dir='ltr'><strong>Conclamant</strong></span> <span class='ocrx_word' id='word_1_74' title='bbox 755 1129 794 1186; x_wconf 85' lang='lat' dir='ltr'><strong>vir</strong></span> <span class='ocrx_word' id='word_1_75' title='bbox 807 1138 945 1204; x_wconf 87' lang='lat' dir='ltr'><strong>paterque.</strong></span> 
     </span>
    </p>
   </div>
   <div class='ocr_carea' id='block_1_4' title="bbox 179 1277 1203 2606">
    <p class='ocr_par' dir='ltr' id='par_1_6' title="bbox 197 1277 1203 1598">
     <span class='ocr_line' id='line_1_10' title="bbox 268 1277 1151 1360; baseline 0.001 -19"><span class='ocrx_word' id='word_1_76' title='bbox 268 1277 345 1342; x_wconf 88' lang='lat' dir='ltr'>LIX.</span> <span class='ocrx_word' id='word_1_77' title='bbox 378 1279 488 1353; x_wconf 84' lang='lat' dir='ltr'><strong>Brutus,</strong></span> <span class='ocrx_word' id='word_1_78' title='bbox 512 1279 566 1343; x_wconf 88' lang='lat' dir='ltr'><strong>illis</strong></span> <span class='ocrx_word' id='word_1_79' title='bbox 587 1279 664 1342; x_wconf 91' lang='lat' dir='ltr'><strong>luctu</strong></span> <span class='ocrx_word' id='word_1_80' title='bbox 686 1284 838 1360; x_wconf 88' lang='lat' dir='ltr'><strong>occupatis,</strong></span> <span class='ocrx_word' id='word_1_81' title='bbox 852 1285 1025 1356; x_wconf 75' lang='lat' dir='ltr'><strong>cultrumex</strong></span> <span class='ocrx_word' id='word_1_82' title='bbox 1038 1279 1151 1344; x_wconf 86' lang='lat' dir='ltr'><strong>vnlnere</strong></span> 
     </span>
     <span class='ocr_line' id='line_1_11' title="bbox 197 1357 1152 1438; baseline 0.004 -22"><span class='ocrx_word' id='word_1_83' title='bbox 197 1357 368 1426; x_wconf 78' lang='lat' dir='ltr'><strong>10Lucretiae</strong></span> <span class='ocrx_word' id='word_1_84' title='bbox 380 1373 543 1435; x_wconf 86' lang='lat' dir='ltr'><strong>extractum,</strong></span> <span class='ocrx_word' id='word_1_85' title='bbox 557 1374 715 1421; x_wconf 85' lang='lat' dir='ltr'><strong>manantem</strong></span> <span class='ocrx_word' id='word_1_86' title='bbox 727 1382 823 1421; x_wconf 90' lang='lat' dir='ltr'><strong>cruore</strong></span> <span class='ocrx_word' id='word_1_87' title='bbox 838 1383 893 1438; x_wconf 79' lang='lat' dir='ltr'><strong>prae</strong></span> <span class='ocrx_word' id='word_1_88' title='bbox 906 1382 936 1420; x_wconf 89' lang='lat' dir='ltr'><strong>se</strong></span> <span class='ocrx_word' id='word_1_89' title='bbox 949 1374 1052 1434; x_wconf 84' lang='lat' dir='ltr'><strong>tenena,</strong></span> <span class='ocrx_word' id='word_1_90' title='bbox 1070 1367 1088 1399; x_wconf 88' lang='lat'>“</span> <span class='ocrx_word' id='word_1_91' title='bbox 1097 1360 1152 1420; x_wconf 79' lang='lat' dir='ltr'><strong>P&#39;er</strong></span> 
     </span>
     <span class='ocr_line' id='line_1_12' title="bbox 212 1435 1203 1516; baseline 0.006 -24"><span class='ocrx_word' id='word_1_92' title='bbox 212 1435 362 1510; x_wconf 82' lang='lat' dir='ltr'><strong>.“hunc,¹’</strong></span> <span class='ocrx_word' id='word_1_93' title='bbox 375 1435 472 1515; x_wconf 88' lang='lat' dir='ltr'><strong>inquit,</strong></span> <span class='ocrx_word' id='word_1_94' title='bbox 499 1441 709 1498; x_wconf 85' lang='lat' dir='ltr'><strong>“castissimum</strong></span> <span class='ocrx_word' id='word_1_95' title='bbox 732 1451 795 1498; x_wconf 87' lang='lat' dir='ltr'><strong>ante</strong></span> <span class='ocrx_word' id='word_1_96' title='bbox 816 1441 920 1516; x_wconf 88' lang='lat' dir='ltr'><strong>regiam</strong></span> <span class='ocrx_word' id='word_1_97' title='bbox 943 1441 1068 1516; x_wconf 85' lang='lat' dir='ltr'><strong>injuriam</strong></span> <span class='ocrx_word' id='word_1_98' title='bbox 1091 1459 1153 1498; x_wconf 83' lang='lat' dir='ltr'><strong>sun·</strong></span> <span class='ocrx_word' id='word_1_99' title='bbox 1201 1481 1203 1488; x_wconf 86' lang='lat'>·</span> 
     </span>
     <span class='ocr_line' id='line_1_13' title="bbox 227 1513 1153 1598; baseline 0.003 -25"><span class='ocrx_word' id='word_1_100' title='bbox 227 1513 369 1592; x_wconf 77' lang='lat' dir='ltr'><strong>“guinem</strong></span> <span class='ocrx_word' id='word_1_101' title='bbox 379 1518 451 1593; x_wconf 82' lang='lat' dir='ltr'><strong>juro,</strong></span> <span class='ocrx_word' id='word_1_102' title='bbox 466 1529 575 1592; x_wconf 71' lang='lat' dir='ltr'><strong>v‘osque,</strong></span> <span class='ocrx_word' id='word_1_103' title='bbox 589 1518 645 1584; x_wconf 88' lang='lat' dir='ltr'><strong>Dii,</strong></span> <span class='ocrx_word' id='word_1_104' title='bbox 664 1529 747 1576; x_wconf 88' lang='lat' dir='ltr'><strong>testes</strong></span> <span class='ocrx_word' id='word_1_105' title='bbox 761 1519 842 1590; x_wconf 85' lang='lat' dir='ltr'><strong>facio,</strong></span> <span class='ocrx_word' id='word_1_106' title='bbox 865 1539 909 1576; x_wconf 90' lang='lat' dir='ltr'><strong>me</strong></span> <span class='ocrx_word' id='word_1_107' title='bbox 923 1519 955 1576; x_wconf 62' lang='lat'><strong>1„</strong></span> <span class='ocrx_word' id='word_1_108' title='bbox 969 1518 1153 1598; x_wconf 82' lang='lat' dir='ltr'><strong>Tarquinium</strong></span> 
     </span>
    </p>

    <p class='ocr_par' dir='ltr' id='par_1_7' title="bbox 179 1595 1152 2606">
     <span class='ocr_line' id='line_1_14' title="bbox 179 1595 1152 1672; baseline 0.002 -20"><span class='ocrx_word' id='word_1_109' title='bbox 179 1637 184 1642; x_wconf 85' lang='lat'>-</span> <span class='ocrx_word' id='word_1_110' title='bbox 227 1596 245 1630; x_wconf 89' lang='lat'><strong>“</strong></span> <span class='ocrx_word' id='word_1_111' title='bbox 258 1595 422 1670; x_wconf 85' lang='lat' dir='ltr'><strong>Superbum,</strong></span> <span class='ocrx_word' id='word_1_112' title='bbox 437 1615 500 1654; x_wconf 89' lang='lat' dir='ltr'><strong>cum</strong></span> <span class='ocrx_word' id='word_1_113' title='bbox 515 1597 647 1654; x_wconf 71' lang='lat' dir='ltr'><strong>scelerati</strong></span> <span class='ocrx_word' id='word_1_114' title='bbox 661 1597 779 1672; x_wconf 85' lang='lat' dir='ltr'><strong>conjuge</strong></span> <span class='ocrx_word' id='word_1_115' title='bbox 802 1607 830 1652; x_wconf 90' lang='lat' dir='ltr'><strong>et</strong></span> <span class='ocrx_word' id='word_1_116' title='bbox 842 1597 918 1654; x_wconf 81' lang='lat' dir='ltr'><strong>cinni</strong></span> <span class='ocrx_word' id='word_1_117' title='bbox 930 1597 1075 1654; x_wconf 85' lang='lat' dir='ltr'><strong>liberorum</strong></span> <span class='ocrx_word' id='word_1_118' title='bbox 1090 1597 1152 1654; x_wconf 84' lang='lat' dir='ltr'><strong>stir-</strong></span> 
     </span>
     <span class='ocr_line' id='line_1_15' title="bbox 227 1669 1149 1748; baseline 0.003 -19"><span class='ocrx_word' id='word_1_119' title='bbox 227 1675 246 1708; x_wconf 87' lang='lat'><strong>“</strong></span> <span class='ocrx_word' id='word_1_120' title='bbox 256 1691 300 1748; x_wconf 87' lang='lat' dir='ltr'><strong>pe,</strong></span> <span class='ocrx_word' id='word_1_121' title='bbox 311 1669 391 1742; x_wconf 78' lang='lat' dir='ltr'><strong>l&#39;erro,</strong></span> <span class='ocrx_word' id='word_1_122' title='bbox 403 1674 470 1748; x_wconf 84' lang='lat' dir='ltr'><strong>igni,</strong></span> <span class='ocrx_word' id='word_1_123' title='bbox 481 1675 655 1748; x_wconf 71' lang='lat' dir='ltr'><strong>quicumque</strong></span> <span class='ocrx_word' id='word_1_124' title='bbox 666 1675 769 1732; x_wconf 90' lang='lat' dir='ltr'><strong>dehinc</strong></span> <span class='ocrx_word' id='word_1_125' title='bbox 779 1674 806 1730; x_wconf 86' lang='lat' dir='ltr'><strong>vi</strong></span> <span class='ocrx_word' id='word_1_126' title='bbox 816 1675 929 1748; x_wconf 85' lang='lat' dir='ltr'><strong>possim,</strong></span> <span class='ocrx_word' id='word_1_127' title='bbox 941 1685 1149 1742; x_wconf 65' lang='lat' dir='ltr'><strong>exsecuturum</strong></span> 
     </span>
     <span class='ocr_line' id='line_1_16' title="bbox 187 1749 1149 1829; baseline 0.003 -22"><span class='ocrx_word' id='word_1_128' title='bbox 187 1749 219 1814; x_wconf 77' lang='lat'><strong>&#39;15</strong></span> <span class='ocrx_word' id='word_1_129' title='bbox 227 1754 246 1787; x_wconf 86' lang='lat'><strong>“</strong></span> <span class='ocrx_word' id='word_1_130' title='bbox 256 1769 309 1808; x_wconf 88' lang='lat' dir='ltr'><strong>nec</strong></span> <span class='ocrx_word' id='word_1_131' title='bbox 321 1751 390 1817; x_wconf 79' lang='lat' dir='ltr'><strong>illos,</strong></span> <span class='ocrx_word' id='word_1_132' title='bbox 405 1771 458 1809; x_wconf 88' lang='lat' dir='ltr'><strong>nec</strong></span> <span class='ocrx_word' id='word_1_133' title='bbox 472 1753 555 1809; x_wconf 89' lang='lat' dir='ltr'><strong>alium</strong></span> <span class='ocrx_word' id='word_1_134' title='bbox 566 1770 730 1827; x_wconf 88' lang='lat' dir='ltr'><strong>quemquam</strong></span> <span class='ocrx_word' id='word_1_135' title='bbox 741 1771 857 1827; x_wconf 87' lang='lat' dir='ltr'><strong>regnare</strong></span> <span class='ocrx_word' id='word_1_136' title='bbox 869 1753 966 1810; x_wconf 82' lang='lat' dir='ltr'><strong>Romae</strong></span> <span class='ocrx_word' id='word_1_137' title='bbox 975 1753 1149 1829; x_wconf 83' lang='lat' dir='ltr'><strong>passurum&#39;.”</strong></span> 
     </span>
     <span class='ocr_line' id='line_1_17' title="bbox 226 1829 1149 1906; baseline -0.001 -18"><span class='ocrx_word' id='word_1_138' title='bbox 226 1829 351 1888; x_wconf 87' lang='lat' dir='ltr'><strong>Cultrum</strong></span> <span class='ocrx_word' id='word_1_139' title='bbox 365 1829 465 1886; x_wconf 89' lang='lat' dir='ltr'><strong>deiude</strong></span> <span class='ocrx_word' id='word_1_140' title='bbox 476 1829 614 1888; x_wconf 83' lang='lat' dir='ltr'><strong>Collati-no</strong></span> <span class='ocrx_word' id='word_1_141' title='bbox 626 1831 728 1899; x_wconf 81' lang='lat' dir='ltr'><strong>tradit3</strong></span> <span class='ocrx_word' id='word_1_142' title='bbox 759 1831 824 1887; x_wconf 90' lang='lat' dir='ltr'><strong>inde</strong></span> <span class='ocrx_word' id='word_1_143' title='bbox 840 1830 969 1906; x_wconf 87' lang='lat' dir='ltr'><strong>Lucretio</strong></span> <span class='ocrx_word' id='word_1_144' title='bbox 982 1850 1014 1889; x_wconf 86' lang='lat' dir='ltr'><strong>ac</strong></span> <span class='ocrx_word' id='word_1_145' title='bbox 1028 1831 1149 1902; x_wconf 87' lang='lat' dir='ltr'><strong>Valerio,</strong></span> 
     </span>
     <span class='ocr_line' id='line_1_18' title="bbox 226 1905 1151 1982; baseline 0.002 -18"><span class='ocrx_word' id='word_1_146' title='bbox 226 1907 400 1982; x_wconf 85' lang='lat' dir='ltr'><strong>tupentibus¹</strong></span> <span class='ocrx_word' id='word_1_147' title='bbox 408 1907 542 1966; x_wconf 87' lang='lat' dir='ltr'><strong>miraculo</strong></span> <span class='ocrx_word' id='word_1_148' title='bbox 555 1908 607 1975; x_wconf 85' lang='lat' dir='ltr'><strong>rei,</strong></span> <span class='ocrx_word' id='word_1_149' title='bbox 628 1907 703 1964; x_wconf 86' lang='lat' dir='ltr'><strong>unde</strong></span> <span class='ocrx_word' id='word_1_150' title='bbox 726 1927 828 1966; x_wconf 88' lang='lat' dir='ltr'><strong>novum</strong></span> <span class='ocrx_word' id='word_1_151' title='bbox 852 1907 880 1966; x_wconf 92' lang='lat' dir='ltr'><strong>in</strong></span> <span class='ocrx_word' id='word_1_152' title='bbox 896 1905 973 1967; x_wconf 86' lang='lat' dir='ltr'><strong>Bruti</strong></span> <span class='ocrx_word' id='word_1_153' title='bbox 1004 1921 1095 1968; x_wconf 88' lang='lat' dir='ltr'><strong>ectora</strong></span> <span class='ocrx_word' id='word_1_154' title='bbox 1109 1909 1151 1966; x_wconf 90' lang='lat' dir='ltr'><strong>iu·</strong></span> 
     </span>
     <span class='ocr_line' id='line_1_19' title="bbox 211 1929 1149 2061; baseline 0.002 -20"><span class='ocrx_word' id='word_1_155' title='bbox 211 1984 346 2060; x_wconf 78' lang='lat' dir='ltr'><strong>genium.</strong></span> <span class='ocrx_word' id='word_1_156' title='bbox 385 1979 422 2042; x_wconf 88' lang='lat' dir='ltr'><strong>Ut</strong></span> <span class='ocrx_word' id='word_1_157' title='bbox 436 1995 602 2060; x_wconf 70' lang='lat' dir='ltr'><strong>preceptum</strong></span> <span class='ocrx_word' id='word_1_158' title='bbox 616 1996 684 2052; x_wconf 87' lang='lat' dir='ltr'><strong>erat,</strong></span> <span class='ocrx_word' id='word_1_159' title='bbox 695 1985 809 2061; x_wconf 81' lang='lat' dir='ltr'><strong>jurant:</strong></span> <span class='ocrx_word' id='word_1_160' title='bbox 830 1987 932 2060; x_wconf 88' lang='lat' dir='ltr'><strong>totique</strong></span> <span class='ocrx_word' id='word_1_161' title='bbox 943 1987 977 2042; x_wconf 82' lang='lat' dir='ltr'><strong>ab</strong></span> <span class='ocrx_word' id='word_1_162' title='bbox 987 1929 1065 2044; x_wconf 85' lang='lat' dir='ltr'><strong>luctu</strong></span> <span class='ocrx_word' id='word_1_163' title='bbox 1078 1988 1149 2044; x_wconf 82' lang='lat' dir='ltr'><strong>verni</strong></span> 
     </span>
     <span class='ocr_line' id='line_1_20' title="bbox 226 2061 1151 2140; baseline 0.002 -22"><span class='ocrx_word' id='word_1_164' title='bbox 226 2063 255 2118; x_wconf 90' lang='lat' dir='ltr'><strong>iu</strong></span> <span class='ocrx_word' id='word_1_165' title='bbox 270 2062 346 2128; x_wconf 83' lang='lat' dir='ltr'><strong>iram,</strong></span> <span class='ocrx_word' id='word_1_166' title='bbox 361 2061 487 2130; x_wconf 83' lang='lat' dir='ltr'><strong>Brutum,</strong></span> <span class='ocrx_word' id='word_1_167' title='bbox 496 2063 553 2137; x_wconf 84' lang='lat' dir='ltr'><strong>jam</strong></span> <span class='ocrx_word' id='word_1_168' title='bbox 566 2061 680 2139; x_wconf 86' lang='lat' dir='ltr'><strong>indead</strong></span> <span class='ocrx_word' id='word_1_169' title='bbox 693 2065 910 2140; x_wconf 84' lang='lat' dir='ltr'><strong>expugnandum</strong></span> <span class='ocrx_word' id='word_1_170' title='bbox 923 2083 1037 2140; x_wconf 87' lang='lat' dir='ltr'><strong>regnum</strong></span> <span class='ocrx_word' id='word_1_171' title='bbox 1052 2083 1151 2122; x_wconf 85' lang='lat' dir='ltr'><strong>vocan-</strong></span> 
     </span>
     <span class='ocr_line' id='line_1_21' title="bbox 192 2136 1149 2217; baseline 0.001 -19"><span class='ocrx_word' id='word_1_172' title='bbox 192 2150 292 2206; x_wconf 83' lang='lat' dir='ltr'><strong>nutem‚</strong></span> <span class='ocrx_word' id='word_1_173' title='bbox 306 2149 456 2213; x_wconf 84' lang='lat' dir='ltr'><strong>sequuntur</strong></span> <span class='ocrx_word' id='word_1_174' title='bbox 468 2141 575 2196; x_wconf 83' lang='lat' dir='ltr'><strong>ducem</strong></span> <span class='ocrx_word' id='word_1_175' title='bbox 615 2136 725 2198; x_wconf 88' lang='lat' dir='ltr'><strong>Elatum</strong></span> <span class='ocrx_word' id='word_1_176' title='bbox 749 2143 830 2198; x_wconf 91' lang='lat' dir='ltr'><strong>domo</strong></span> <span class='ocrx_word' id='word_1_177' title='bbox 853 2142 988 2199; x_wconf 80' lang='lat' dir='ltr'><strong>Lucretiae</strong></span> <span class='ocrx_word' id='word_1_178' title='bbox 1008 2161 1107 2217; x_wconf 86' lang='lat' dir='ltr'><strong>corpus</strong></span> <span class='ocrx_word' id='word_1_179' title='bbox 1120 2141 1149 2200; x_wconf 92' lang='lat' dir='ltr'><strong>in</strong></span> 
     </span>
     <span class='ocr_line' id='line_1_22' title="bbox 225 2215 1150 2296; baseline 0.004 -24"><span class='ocrx_word' id='word_1_180' title='bbox 225 2217 314 2274; x_wconf 92' lang='lat' dir='ltr'><strong>sorum</strong></span> <span class='ocrx_word' id='word_1_181' title='bbox 327 2216 462 2287; x_wconf 83' lang='lat' dir='ltr'><strong>deserunt,</strong></span> <span class='ocrx_word' id='word_1_182' title='bbox 476 2215 659 2288; x_wconf 84' lang='lat' dir='ltr'><strong>concientque</strong></span> <span class='ocrx_word' id='word_1_183' title='bbox 681 2217 815 2274; x_wconf 87' lang='lat' dir='ltr'><strong>miraculo</strong></span> <span class='ocrx_word' id='word_1_184' title='bbox 839 2219 882 2289; x_wconf 88' lang='lat' dir='ltr'><strong>(ut</strong></span> <span class='ocrx_word' id='word_1_185' title='bbox 896 2219 937 2296; x_wconf 88' lang='lat' dir='ltr'><strong>tit)</strong></span> <span class='ocrx_word' id='word_1_186' title='bbox 949 2219 1000 2296; x_wconf 32' lang='lat' dir='ltr'><strong>&#39;rei</strong></span> <span class='ocrx_word' id='word_1_187' title='bbox 1021 2239 1099 2276; x_wconf 82' lang='lat' dir='ltr'><strong>novae</strong></span> <span class='ocrx_word' id='word_1_188' title='bbox 1112 2230 1150 2276; x_wconf 88' lang='lat' dir='ltr'><strong>at·</strong></span> 
     </span>
     <span class='ocr_line' id='line_1_23' title="bbox 224 2291 1150 2370; baseline 0.003 -20"><span class='ocrx_word' id='word_1_189' title='bbox 224 2313 278 2368; x_wconf 91' lang='lat' dir='ltr'><strong>que</strong></span> <span class='ocrx_word' id='word_1_190' title='bbox 292 2291 455 2369; x_wconf 75' lang='lat' dir='ltr'><strong>indignitate</strong></span> <span class='ocrx_word' id='word_1_191' title='bbox 468 2293 613 2350; x_wconf 84' lang='lat' dir='ltr'><strong>homines:</strong></span> <span class='ocrx_word' id='word_1_192' title='bbox 642 2311 692 2366; x_wconf 87' lang='lat' dir='ltr'><strong>pro</strong></span> <span class='ocrx_word' id='word_1_193' title='bbox 714 2313 744 2350; x_wconf 88' lang='lat' dir='ltr'><strong>se</strong></span> <span class='ocrx_word' id='word_1_194' title='bbox 767 2295 880 2368; x_wconf 86' lang='lat' dir='ltr'><strong>quisque</strong></span> <span class='ocrx_word' id='word_1_195' title='bbox 893 2297 986 2352; x_wconf 85' lang='lat' dir='ltr'><strong>scelus·</strong></span> <span class='ocrx_word' id='word_1_196' title='bbox 995 2297 1103 2370; x_wconf 86' lang='lat' dir='ltr'><strong>regium</strong></span> <span class='ocrx_word' id='word_1_197' title='bbox 1116 2314 1150 2353; x_wconf 88' lang='lat' dir='ltr'><strong>uc</strong></span> 
     </span>
     <span class='ocr_line' id='line_1_24' title="bbox 223 2369 1150 2450; baseline 0.002 -22"><span class='ocrx_word' id='word_1_198' title='bbox 223 2373 278 2429; x_wconf 89' lang='lat' dir='ltr'><strong>vim</strong></span> <span class='ocrx_word' id='word_1_199' title='bbox 301 2384 459 2446; x_wconf 85' lang='lat' dir='ltr'><strong>queruntur.</strong></span> <span class='ocrx_word' id='word_1_200' title='bbox 488 2369 671 2428; x_wconf 78' lang='lat' dir='ltr'><strong>Monetium</strong></span> <span class='ocrx_word' id='word_1_201' title='bbox 694 2371 782 2446; x_wconf 75' lang='lat' dir='ltr'><strong>patris</strong></span> <span class='ocrx_word' id='word_1_202' title='bbox 801 2372 938 2450; x_wconf 74' lang='lat' dir='ltr'><strong>moestitia,</strong></span> <span class='ocrx_word' id='word_1_203' title='bbox 961 2383 1019 2429; x_wconf 89' lang='lat' dir='ltr'><strong>tum</strong></span> <span class='ocrx_word' id='word_1_204' title='bbox 1039 2373 1150 2445; x_wconf 80' lang='lat' dir='ltr'><strong>Brutus,</strong></span> 
     </span>
     <span class='ocr_line' id='line_1_25' title="bbox 224 2449 1150 2525; baseline 0.003 -19"><span class='ocrx_word' id='word_1_205' title='bbox 224 2450 369 2524; x_wconf 86' lang='lat' dir='ltr'><strong>castigator</strong></span> <span class='ocrx_word' id='word_1_206' title='bbox 382 2450 564 2525; x_wconf 84' lang='lat' dir='ltr'><strong>lacrymarum</strong></span> <span class='ocrx_word' id='word_1_207' title='bbox 577 2459 669 2522; x_wconf 79' lang='lat' dir='ltr'><strong>atque</strong></span> <span class='ocrx_word' id='word_1_208' title='bbox 692 2449 823 2507; x_wconf 88' lang='lat' dir='ltr'><strong>inertium</strong></span> <span class='ocrx_word' id='word_1_209' title='bbox 845 2449 1025 2524; x_wconf 83' lang='lat' dir='ltr'><strong>querelarum,</strong></span> <span class='ocrx_word' id='word_1_210' title='bbox 1042 2462 1150 2509; x_wconf 90' lang='lat' dir='ltr'><strong>auctor·</strong></span> 
     </span>
     <span class='ocr_line' id='line_1_26' title="bbox 190 2527 1149 2606; baseline -0.001 -18"><span class='ocrx_word' id='word_1_211' title='bbox 190 2546 275 2602; x_wconf 71' lang='lat' dir='ltr'><strong>esque</strong></span> <span class='ocrx_word' id='word_1_212' title='bbox 291 2527 375 2604; x_wconf 91' lang='lat' dir='ltr'><strong>(quod</strong></span> <span class='ocrx_word' id='word_1_213' title='bbox 389 2527 551 2601; x_wconf 85' lang='lat' dir='ltr'><strong>viroa,quod</strong></span> <span class='ocrx_word' id='word_1_214' title='bbox 569 2527 713 2604; x_wconf 75' lang='lat' dir='ltr'><strong>Romanos</strong></span> <span class='ocrx_word' id='word_1_215' title='bbox 725 2528 851 2606; x_wconf 85' lang='lat' dir='ltr'><strong>deceret)</strong></span> <span class='ocrx_word' id='word_1_216' title='bbox 872 2547 949 2584; x_wconf 81' lang='lat' dir='ltr'><strong>arma</strong></span> <span class='ocrx_word' id='word_1_217' title='bbox 960 2529 1088 2602; x_wconf 87' lang='lat' dir='ltr'><strong>capiendi</strong></span> <span class='ocrx_word' id='word_1_218' title='bbox 1101 2530 1149 2587; x_wconf 90' lang='lat' dir='ltr'><strong>ad·</strong></span> 
     </span>
    </p>
   </div>
   <div class='ocr_carea' id='block_1_5' title="bbox 43 2605 1147 2687">
    <p class='ocr_par' dir='ltr' id='par_1_8' title="bbox 43 2605 1147 2687">
     <span class='ocr_line' id='line_1_27' title="bbox 43 2605 1147 2687; baseline 0.006 -28"><span class='ocrx_word' id='word_1_219' title='bbox 43 2662 50 2687; x_wconf 36' lang='lat'><strong>¹</strong></span> <span class='ocrx_word' id='word_1_220' title='bbox 137 2631 144 2638; x_wconf 90' lang='lat'><em>·</em></span> <span class='ocrx_word' id='word_1_221' title='bbox 223 2623 316 2662; x_wconf 87' lang='lat' dir='ltr'><strong>versus</strong></span> <span class='ocrx_word' id='word_1_222' title='bbox 329 2605 436 2662; x_wconf 86' lang='lat' dir='ltr'><strong>hostilia</strong></span> <span class='ocrx_word' id='word_1_223' title='bbox 449 2619 537 2661; x_wconf 81' lang='lat' dir='ltr'><strong>ausus.</strong></span> <span class='ocrx_word' id='word_1_224' title='bbox 577 2605 778 2662; x_wconf 82' lang='lat' dir='ltr'><strong>Ferocissimus</strong></span> <span class='ocrx_word' id='word_1_225' title='bbox 796 2607 910 2680; x_wconf 87' lang='lat' dir='ltr'><strong>quisque</strong></span> <span class='ocrx_word' id='word_1_226' title='bbox 930 2606 1063 2681; x_wconf 79' lang='lat' dir='ltr'><strong>juvenum</strong></span> <span class='ocrx_word' id='word_1_227' title='bbox 1082 2627 1147 2666; x_wconf 87' lang='lat' dir='ltr'><strong>cum</strong></span> 
     </span>
    </p>
   </div>
   <div class='ocr_carea' id='block_1_6' title="bbox 165 2681 1157 3923">
    <p class='ocr_par' dir='ltr' id='par_1_9' title="bbox 165 2681 1157 3923">
     <span class='ocr_line' id='line_1_28' title="bbox 224 2681 1147 2760; baseline 0.005 -22"><span class='ocrx_word' id='word_1_228' title='bbox 224 2683 306 2740; x_wconf 90' lang='lat' dir='ltr'><strong>armis</strong></span> <span class='ocrx_word' id='word_1_229' title='bbox 319 2681 486 2740; x_wconf 81' lang='lat' dir='ltr'><strong>voluntarius</strong></span> <span class='ocrx_word' id='word_1_230' title='bbox 499 2683 595 2739; x_wconf 84' lang='lat' dir='ltr'><strong>adest:</strong></span> <span class='ocrx_word' id='word_1_231' title='bbox 626 2683 747 2757; x_wconf 86' lang='lat' dir='ltr'><strong>sequitur</strong></span> <span class='ocrx_word' id='word_1_232' title='bbox 770 2694 798 2740; x_wconf 89' lang='lat' dir='ltr'><strong>et</strong></span> <span class='ocrx_word' id='word_1_233' title='bbox 810 2695 911 2741; x_wconf 79' lang='lat' dir='ltr'><strong>cratera</strong></span> <span class='ocrx_word' id='word_1_234' title='bbox 919 2684 1059 2760; x_wconf 85' lang='lat' dir='ltr'><strong>juventus.</strong></span> <span class='ocrx_word' id='word_1_235' title='bbox 1099 2684 1147 2743; x_wconf 83' lang='lat' dir='ltr'><strong>In·</strong></span> 
     </span>
     <span class='ocr_line' id='line_1_29' title="bbox 223 2761 1147 2840; baseline 0.003 -24"><span class='ocrx_word' id='word_1_236' title='bbox 223 2761 268 2826; x_wconf 91' lang='lat' dir='ltr'><strong>de,</strong></span> <span class='ocrx_word' id='word_1_237' title='bbox 281 2761 338 2836; x_wconf 87' lang='lat' dir='ltr'><strong>pari</strong></span> <span class='ocrx_word' id='word_1_238' title='bbox 352 2761 476 2836; x_wconf 77' lang='lat' dir='ltr'><strong>praesidio</strong></span> <span class='ocrx_word' id='word_1_239' title='bbox 489 2761 585 2818; x_wconf 88' lang='lat' dir='ltr'><strong>relicto</strong></span> <span class='ocrx_word' id='word_1_240' title='bbox 608 2761 732 2818; x_wconf 73' lang='lat' dir='ltr'><strong>collaria</strong></span> <span class='ocrx_word' id='word_1_241' title='bbox 755 2763 790 2818; x_wconf 88' lang='lat' dir='ltr'><strong>ad</strong></span> <span class='ocrx_word' id='word_1_242' title='bbox 813 2774 910 2840; x_wconf 85' lang='lat' dir='ltr'><strong>portas,</strong></span> <span class='ocrx_word' id='word_1_243' title='bbox 932 2763 1147 2836; x_wconf 79' lang='lat' dir='ltr'><strong>custodibusque</strong></span> 
     </span>
     <span class='ocr_line' id='line_1_30' title="bbox 223 2838 1148 2916; baseline 0.003 -23"><span class='ocrx_word' id='word_1_244' title='bbox 223 2838 294 2894; x_wconf 86' lang='lat' dir='ltr'><strong>datis</strong></span> <span class='ocrx_word' id='word_1_245' title='bbox 307 2839 414 2912; x_wconf 87' lang='lat' dir='ltr'><strong>nequis</strong></span> <span class='ocrx_word' id='word_1_246' title='bbox 427 2857 489 2894; x_wconf 88' lang='lat' dir='ltr'><strong>enm</strong></span> <span class='ocrx_word' id='word_1_247' title='bbox 504 2849 607 2896; x_wconf 87' lang='lat' dir='ltr'><strong>motum</strong></span> <span class='ocrx_word' id='word_1_248' title='bbox 627 2839 738 2914; x_wconf 83' lang='lat' dir='ltr'><strong>regibus</strong></span> <span class='ocrx_word' id='word_1_249' title='bbox 759 2841 908 2907; x_wconf 74' lang='lat' dir='ltr'><strong>nuntiaret,</strong></span> <span class='ocrx_word' id='word_1_250' title='bbox 932 2841 1025 2916; x_wconf 87' lang='lat' dir='ltr'><strong>caeteri</strong></span> <span class='ocrx_word' id='word_1_251' title='bbox 1039 2839 1148 2914; x_wconf 87' lang='lat' dir='ltr'><strong>armati,</strong></span> 
     </span>
     <span class='ocr_line' id='line_1_31' title="bbox 190 2915 1147 2992; baseline 0.003 -21"><span class='ocrx_word' id='word_1_252' title='bbox 190 2916 295 2976; x_wconf 78' lang='lat' dir='ltr'><strong>caduce</strong></span> <span class='ocrx_word' id='word_1_253' title='bbox 312 2915 401 2987; x_wconf 88' lang='lat' dir='ltr'><strong>Bruto,</strong></span> <span class='ocrx_word' id='word_1_254' title='bbox 414 2917 533 2973; x_wconf 89' lang='lat' dir='ltr'><strong>Romam</strong></span> <span class='ocrx_word' id='word_1_255' title='bbox 548 2917 670 2992; x_wconf 84' lang='lat' dir='ltr'><strong>profecti.</strong></span> <span class='ocrx_word' id='word_1_256' title='bbox 709 2917 764 2974; x_wconf 91' lang='lat' dir='ltr'><strong>Ubi</strong></span> <span class='ocrx_word' id='word_1_257' title='bbox 777 2917 810 2976; x_wconf 81' lang='lat' dir='ltr'><strong>ed</strong></span> <span class='ocrx_word' id='word_1_258' title='bbox 824 2929 935 2974; x_wconf 89' lang='lat' dir='ltr'><strong>ventum</strong></span> <span class='ocrx_word' id='word_1_259' title='bbox 949 2927 999 2982; x_wconf 81' lang='lat' dir='ltr'><strong>est,</strong></span> <span class='ocrx_word' id='word_1_260' title='bbox 1013 2917 1147 2992; x_wconf 74' lang='lat' dir='ltr'><strong>qudcum-</strong></span> 
     </span>
     <span class='ocr_line' id='line_1_32' title="bbox 222 2993 1144 3070; baseline 0.005 -21"><span class='ocrx_word' id='word_1_261' title='bbox 222 3012 275 3067; x_wconf 89' lang='lat' dir='ltr'><strong>que</strong></span> <span class='ocrx_word' id='word_1_262' title='bbox 288 2993 401 3066; x_wconf 84' lang='lat' dir='ltr'><strong>incedit,</strong></span> <span class='ocrx_word' id='word_1_263' title='bbox 425 3004 528 3051; x_wconf 88' lang='lat' dir='ltr'><strong>armata</strong></span> <span class='ocrx_word' id='word_1_264' title='bbox 549 2995 697 3051; x_wconf 89' lang='lat' dir='ltr'><strong>multitudo</strong></span> <span class='ocrx_word' id='word_1_265' title='bbox 706 3013 833 3070; x_wconf 82' lang='lat' dir='ltr'><strong>pavorem</strong></span> <span class='ocrx_word' id='word_1_266' title='bbox 854 3013 887 3051; x_wconf 90' lang='lat' dir='ltr'><strong>ac</strong></span> <span class='ocrx_word' id='word_1_267' title='bbox 900 2994 1046 3052; x_wconf 89' lang='lat' dir='ltr'><strong>tumultum</strong></span> <span class='ocrx_word' id='word_1_268' title='bbox 1061 2993 1144 3054; x_wconf 85' lang='lat' dir='ltr'><strong>facit:</strong></span> 
     </span>
     <span class='ocr_line' id='line_1_33' title="bbox 165 3067 1144 3147; baseline 0.003 -19"><span class='ocrx_word' id='word_1_269' title='bbox 165 3139 167 3144; x_wconf 28' lang='grc' dir='ltr'>Ι</span> <span class='ocrx_word' id='word_1_270' title='bbox 221 3089 323 3143; x_wconf 86' lang='lat' dir='ltr'><strong>rursus,</strong></span> <span class='ocrx_word' id='word_1_271' title='bbox 337 3072 384 3129; x_wconf 89' lang='lat' dir='ltr'><strong>ubi</strong></span> <span class='ocrx_word' id='word_1_272' title='bbox 407 3072 510 3128; x_wconf 87' lang='lat' dir='ltr'><strong>anteire</strong></span> <span class='ocrx_word' id='word_1_273' title='bbox 533 3072 663 3145; x_wconf 77' lang='lat' dir='ltr'><strong>primores</strong></span> <span class='ocrx_word' id='word_1_274' title='bbox 686 3073 802 3129; x_wconf 88' lang='lat' dir='ltr'><strong>civitatis</strong></span> <span class='ocrx_word' id='word_1_275' title='bbox 826 3073 928 3138; x_wconf 85' lang='lat' dir='ltr'><strong>vident,</strong></span> <span class='ocrx_word' id='word_1_276' title='bbox 951 3067 1083 3147; x_wconf 86' lang='lat' dir='ltr'><strong>quidquid</strong></span> <span class='ocrx_word' id='word_1_277' title='bbox 1101 3070 1144 3145; x_wconf 88' lang='lat' dir='ltr'><strong>sit,</strong></span> 
     </span>
     <span class='ocr_line' id='line_1_34' title="bbox 221 3149 1144 3208; baseline 0.002 -2"><span class='ocrx_word' id='word_1_278' title='bbox 221 3149 295 3206; x_wconf 87' lang='lat' dir='ltr'><strong>haud</strong></span> <span class='ocrx_word' id='word_1_279' title='bbox 308 3150 410 3206; x_wconf 66' lang='lat' dir='ltr'><strong>temere*</strong></span> <span class='ocrx_word' id='word_1_280' title='bbox 424 3168 484 3206; x_wconf 86' lang='lat' dir='ltr'><strong>esse</strong></span> <span class='ocrx_word' id='word_1_281' title='bbox 503 3161 605 3206; x_wconf 89' lang='lat' dir='ltr'><strong>rentur.</strong></span> <span class='ocrx_word' id='word_1_282' title='bbox 645 3149 708 3206; x_wconf 89' lang='lat' dir='ltr'><strong>Nec</strong></span> <span class='ocrx_word' id='word_1_283' title='bbox 726 3151 860 3207; x_wconf 91' lang='lat' dir='ltr'><strong>minorem</strong></span> <span class='ocrx_word' id='word_1_284' title='bbox 874 3152 1144 3208; x_wconf 87' lang='lat' dir='ltr'><strong>motum&#39;animorum</strong></span> 
     </span>
     <span class='ocr_line' id='line_1_35' title="bbox 221 3226 1145 3302; baseline 0.001 -17"><span class='ocrx_word' id='word_1_285' title='bbox 221 3226 319 3285; x_wconf 79' lang='lat' dir='ltr'><strong>Romae</strong></span> <span class='ocrx_word' id='word_1_286' title='bbox 333 3238 388 3284; x_wconf 89' lang='lat' dir='ltr'><strong>tam</strong></span> <span class='ocrx_word' id='word_1_287' title='bbox 402 3239 479 3284; x_wconf 85' lang='lat' dir='ltr'><strong>atrox</strong></span> <span class='ocrx_word' id='word_1_288' title='bbox 501 3245 545 3283; x_wconf 90' lang='lat' dir='ltr'><strong>res</strong></span> <span class='ocrx_word' id='word_1_289' title='bbox 568 3227 643 3293; x_wconf 83' lang='lat' dir='ltr'><strong>fucit,</strong></span> <span class='ocrx_word' id='word_1_290' title='bbox 667 3228 747 3301; x_wconf 70' lang='lat' dir='ltr'><strong>quim</strong></span> <span class='ocrx_word' id='word_1_291' title='bbox 768 3227 895 3284; x_wconf 83' lang='lat' dir='ltr'><strong>-Collatiae</strong></span> <span class='ocrx_word' id='word_1_292' title='bbox 919 3227 1029 3286; x_wconf 84' lang='lat' dir='ltr'><strong>fecerat.</strong></span> <span class='ocrx_word' id='word_1_293' title='bbox 1069 3228 1145 3302; x_wconf 88' lang='lat' dir='ltr'><strong>Ergo</strong></span> 
     </span>
     <span class='ocr_line' id='line_1_36' title="bbox 189 3304 1147 3378; baseline -0.001 -15"><span class='ocrx_word' id='word_1_294' title='bbox 189 3323 256 3364; x_wconf 78' lang='lat' dir='ltr'><strong>area</strong></span> <span class='ocrx_word' id='word_1_295' title='bbox 267 3305 395 3363; x_wconf 89' lang='lat' dir='ltr'><strong>omnibus</strong></span> <span class='ocrx_word' id='word_1_296' title='bbox 407 3305 474 3362; x_wconf 82' lang='lat' dir='ltr'><strong>locis</strong></span> <span class='ocrx_word' id='word_1_297' title='bbox 495 3305 569 3361; x_wconf 85' lang='lat' dir='ltr'><strong>urbia</strong></span> <span class='ocrx_word' id='word_1_298' title='bbox 590 3305 618 3360; x_wconf 89' lang='lat' dir='ltr'><strong>in</strong></span> <span class='ocrx_word' id='word_1_299' title='bbox 638 3304 726 3361; x_wconf 90' lang='lat' dir='ltr'><strong>forum</strong></span> <span class='ocrx_word' id='word_1_300' title='bbox 740 3305 867 3362; x_wconf 87' lang='lat' dir='ltr'><strong>curritur.</strong></span> <span class='ocrx_word' id='word_1_301' title='bbox 905 3304 972 3366; x_wconf 78' lang='lat' dir='ltr'><strong>Qut</strong></span> <span class='ocrx_word' id='word_1_302' title='bbox 986 3307 1066 3378; x_wconf 66' lang='lat' dir='ltr'><strong>,simul</strong></span> <span class='ocrx_word' id='word_1_303' title='bbox 1080 3324 1147 3362; x_wconf 66' lang='lat' dir='ltr'><strong>ven·v</strong></span> 
     </span>
     <span class='ocr_line' id='line_1_37' title="bbox 222 3381 1146 3457; baseline -0.001 -19"><span class='ocrx_word' id='word_1_304' title='bbox 222 3392 280 3438; x_wconf 88' lang='lat' dir='ltr'><strong>tum</strong></span> <span class='ocrx_word' id='word_1_305' title='bbox 292 3393 343 3450; x_wconf 86' lang='lat' dir='ltr'><strong>eat,</strong></span> <span class='ocrx_word' id='word_1_306' title='bbox 353 3401 444 3456; x_wconf 80' lang='lat' dir='ltr'><strong>praeco</strong></span> <span class='ocrx_word' id='word_1_307' title='bbox 457 3383 490 3439; x_wconf 87' lang='lat' dir='ltr'><strong>ad</strong></span> <span class='ocrx_word' id='word_1_308' title='bbox 505 3382 644 3439; x_wconf 91' lang='lat' dir='ltr'><strong>tribunum</strong></span> <span class='ocrx_word' id='word_1_309' title='bbox 659 3381 798 3454; x_wconf 85' lang='lat' dir='ltr'><strong>Celerum,</strong></span> <span class='ocrx_word' id='word_1_310' title='bbox 823 3383 851 3438; x_wconf 91' lang='lat' dir='ltr'><strong>in</strong></span> <span class='ocrx_word' id='word_1_311' title='bbox 865 3395 989 3457; x_wconf 89' lang='lat' dir='ltr'><strong>quotum</strong></span> <span class='ocrx_word' id='word_1_312' title='bbox 1003 3382 1146 3457; x_wconf 79' lang='lat' dir='ltr'><strong>magistra·</strong></span> 
     </span>
     <span class='ocr_line' id='line_1_38' title="bbox 222 3457 1141 3535; baseline 0.002 -21"><span class='ocrx_word' id='word_1_313' title='bbox 222 3468 253 3514; x_wconf 92' lang='lat' dir='ltr'><strong>tu</strong></span> <span class='ocrx_word' id='word_1_314' title='bbox 265 3459 331 3517; x_wconf 80' lang='lat' dir='ltr'><strong>forte</strong></span> <span class='ocrx_word' id='word_1_315' title='bbox 346 3461 449 3517; x_wconf 87' lang='lat' dir='ltr'><strong>Brutus</strong></span> <span class='ocrx_word' id='word_1_316' title='bbox 461 3469 529 3526; x_wconf 90' lang='lat' dir='ltr'><strong>erat,</strong></span> <span class='ocrx_word' id='word_1_317' title='bbox 552 3460 681 3535; x_wconf 90' lang='lat' dir='ltr'><strong>populum</strong></span> <span class='ocrx_word' id='word_1_318' title='bbox 696 3460 845 3516; x_wconf 83' lang='lat' dir='ltr'><strong>advocavit.</strong></span> <span class='ocrx_word' id='word_1_319' title='bbox 885 3461 928 3517; x_wconf 95' lang='lat' dir='ltr'><strong>Ibi</strong></span> <span class='ocrx_word' id='word_1_320' title='bbox 941 3462 1027 3518; x_wconf 85' lang='lat' dir='ltr'><strong>oratio</strong></span> <span class='ocrx_word' id='word_1_321' title='bbox 1041 3457 1141 3530; x_wconf 90' lang='lat' dir='ltr'><strong>habita,</strong></span> 
     </span>
     <span class='ocr_line' id='line_1_39' title="bbox 222 3537 1142 3613; baseline 0.003 -22"><span class='ocrx_word' id='word_1_322' title='bbox 222 3537 393 3611; x_wconf 75' lang='lat' dir='ltr'><strong>nequiquam</strong></span> <span class='ocrx_word' id='word_1_323' title='bbox 416 3538 476 3613; x_wconf 88' lang='lat' dir='ltr'><strong>ejus</strong></span> <span class='ocrx_word' id='word_1_324' title='bbox 498 3537 616 3610; x_wconf 82' lang='lat' dir='ltr'><strong>pectoris</strong></span> <span class='ocrx_word' id='word_1_325' title='bbox 639 3537 806 3610; x_wconf 85' lang='lat' dir='ltr'><strong>ingeniique,</strong></span> <span class='ocrx_word' id='word_1_326' title='bbox 832 3539 904 3612; x_wconf 91' lang='lat' dir='ltr'><strong>quod</strong></span> <span class='ocrx_word' id='word_1_327' title='bbox 928 3538 1084 3596; x_wconf 84' lang='lat' dir='ltr'><strong>simulatum</strong></span> <span class='ocrx_word' id='word_1_328' title='bbox 1107 3537 1142 3594; x_wconf 84' lang='lat' dir='ltr'><strong>ad</strong></span> 
     </span>
     <span class='ocr_line' id='line_1_40' title="bbox 221 3613 1157 3690; baseline 0.001 -19"><span class='ocrx_word' id='word_1_329' title='bbox 221 3631 284 3671; x_wconf 83' lang='lat' dir='ltr'><strong>eam</strong></span> <span class='ocrx_word' id='word_1_330' title='bbox 296 3614 368 3671; x_wconf 89' lang='lat' dir='ltr'><strong>diem</strong></span> <span class='ocrx_word' id='word_1_331' title='bbox 383 3615 478 3687; x_wconf 85' lang='lat' dir='ltr'><strong>suerat,</strong></span> <span class='ocrx_word' id='word_1_332' title='bbox 492 3615 527 3671; x_wconf 90' lang='lat' dir='ltr'><strong>de</strong></span> <span class='ocrx_word' id='word_1_333' title='bbox 541 3614 565 3671; x_wconf 80' lang='lat' dir='ltr'><strong>ri</strong></span> <span class='ocrx_word' id='word_1_334' title='bbox 580 3633 613 3670; x_wconf 89' lang='lat' dir='ltr'><strong>ac</strong></span> <span class='ocrx_word' id='word_1_335' title='bbox 626 3613 739 3670; x_wconf 92' lang='lat' dir='ltr'><strong>libidine</strong></span> <span class='ocrx_word' id='word_1_336' title='bbox 755 3617 821 3672; x_wconf 84' lang='lat' dir='ltr'><strong>Sex.</strong></span> <span class='ocrx_word' id='word_1_337' title='bbox 832 3615 987 3690; x_wconf 83' lang='lat' dir='ltr'><strong>Tarquinii,</strong></span> <span class='ocrx_word' id='word_1_338' title='bbox 1002 3615 1036 3670; x_wconf 88' lang='lat' dir='ltr'><strong>de</strong></span> <span class='ocrx_word' id='word_1_339' title='bbox 1050 3618 1157 3689; x_wconf 77' lang='lat' dir='ltr'><strong>stupro¹</strong></span> 
     </span>
     <span class='ocr_line' id='line_1_41' title="bbox 187 3689 1143 3766; baseline -0.004 -14"><span class='ocrx_word' id='word_1_340' title='bbox 187 3689 334 3752; x_wconf 83' lang='lat' dir='ltr'><strong>toinsando</strong></span> <span class='ocrx_word' id='word_1_341' title='bbox 346 3692 491 3763; x_wconf 76' lang='lat' dir='ltr'><strong>Lucretia,</strong></span> <span class='ocrx_word' id='word_1_342' title='bbox 504 3702 532 3750; x_wconf 88' lang='lat' dir='ltr'><strong>et</strong></span> <span class='ocrx_word' id='word_1_343' title='bbox 545 3691 693 3749; x_wconf 88' lang='lat' dir='ltr'><strong>miserabili</strong></span> <span class='ocrx_word' id='word_1_344' title='bbox 715 3693 801 3757; x_wconf 84' lang='lat' dir='ltr'><strong>caede,</strong></span> <span class='ocrx_word' id='word_1_345' title='bbox 825 3693 860 3750; x_wconf 89' lang='lat' dir='ltr'><strong>de</strong></span> <span class='ocrx_word' id='word_1_346' title='bbox 873 3695 988 3751; x_wconf 76' lang='lat' dir='ltr'><strong>orbitate</strong></span> <span class='ocrx_word' id='word_1_347' title='bbox 1001 3690 1143 3766; x_wconf 86' lang='lat' dir='ltr'><strong>Tricipiti-</strong></span> 
     </span>
     <span class='ocr_line' id='line_1_42' title="bbox 219 3769 1143 3844; baseline -0.003 -18"><span class='ocrx_word' id='word_1_348' title='bbox 219 3769 259 3836; x_wconf 89' lang='lat' dir='ltr'><strong>ni,</strong></span> <span class='ocrx_word' id='word_1_349' title='bbox 273 3769 320 3827; x_wconf 91' lang='lat' dir='ltr'><strong>cui</strong></span> <span class='ocrx_word' id='word_1_350' title='bbox 340 3781 425 3828; x_wconf 84' lang='lat' dir='ltr'><strong>morte</strong></span> <span class='ocrx_word' id='word_1_351' title='bbox 445 3771 507 3827; x_wconf 79' lang='lat' dir='ltr'><strong>tiliae</strong></span> <span class='ocrx_word' id='word_1_352' title='bbox 530 3788 614 3826; x_wconf 87' lang='lat' dir='ltr'><strong>cansa</strong></span> <span class='ocrx_word' id='word_1_353' title='bbox 633 3770 726 3827; x_wconf 81' lang='lat' dir='ltr'><strong>mortis</strong></span> <span class='ocrx_word' id='word_1_354' title='bbox 747 3770 884 3844; x_wconf 86' lang='lat' dir='ltr'><strong>indignior</strong></span> <span class='ocrx_word' id='word_1_355' title='bbox 908 3789 941 3826; x_wconf 81' lang='lat' dir='ltr'><strong>ac</strong></span> <span class='ocrx_word' id='word_1_356' title='bbox 964 3769 1143 3826; x_wconf 83' lang='lat' dir='ltr'><strong>miserabilior</strong></span> 
     </span>
     <span class='ocr_line' id='line_1_43' title="bbox 219 3845 1146 3923; baseline -0.009 -17"><span class='ocrx_word' id='word_1_357' title='bbox 219 3857 300 3906; x_wconf 79' lang='lat' dir='ltr'><strong>emet</strong></span> <span class='ocrx_word' id='word_1_358' title='bbox 339 3847 439 3905; x_wconf 82' lang='lat' dir='ltr'><strong>Addita</strong></span> <span class='ocrx_word' id='word_1_359' title='bbox 452 3847 676 3923; x_wconf 84' lang='lat' dir='ltr'><strong>superbiaipeius</strong></span> <span class='ocrx_word' id='word_1_360' title='bbox 698 3846 780 3922; x_wconf 84' lang='lat' dir='ltr'><strong>regis,</strong></span> <span class='ocrx_word' id='word_1_361' title='bbox 803 3847 974 3920; x_wconf 77' lang='lat' dir='ltr'><strong>miseriaeque</strong></span> <span class='ocrx_word' id='word_1_362' title='bbox 996 3845 1146 3902; x_wconf 74' lang='lat' dir='ltr'><strong>etlabcres</strong></span> 
     </span>
    </p>
   </div>
   <div class='ocr_carea' id='block_1_7' title="bbox 0 0 1316 4194">
    <p class='ocr_par' dir='ltr' id='par_1_10' title="bbox 0 0 1316 4194">
     <span class='ocr_line' id='line_1_44' title="bbox 0 0 1316 4194; baseline 0 3"><span class='ocrx_word' id='word_1_363' title='bbox 0 0 1316 4194; x_wconf 95' lang='lat' dir='ltr'><strong> </strong></span> 
     </span>
    </p>
   </div>
  </div>
 </body>
</html>
