2638 4206
524 373 626 429 umuli
641 369 688 426 111.
705 387 762 426 car.
772 383 869 425 ramat.
1113 373 1153 440 ω

221 519 243 556 “
252 514 298 574 die
311 515 339 575 in
353 517 414 576 acie
426 528 514 577 mare:
532 535 587 576 nec
601 515 686 574 ulium
698 516 787 574 virum
808 534 879 589 esse,
900 515 980 594 cujus
992 518 1102 578 streuui
1116 533 1152 580 ac

222 594 378 654 “ferociter
389 597 462 654 sacta
474 597 503 655 iu
517 595 588 653 bello
600 594 680 669 plura
692 595 836 652 memorari
844 605 964 668 possent.
1003 593 1082 656 Quid
1090 617 1152 674 pro·

222 671 340 745 “desse,
361 674 395 746 si,
421 673 553 732 incolumi
567 672 651 743 Urbe,
676 691 748 746 que,
774 673 862 748 capti,
883 671 980 730 ultima
990 673 1150 744 timeantur,

222 748 345 807 “liberis
358 752 416 810 suis
429 749 674 827 sintpatiendal”
715 749 786 806 Haec
806 750 889 824 prope
903 749 1152 812 concionabuudus
1251 801 1257 816 ,

200 827 385 886 roncumibat
410 830 543 888 homines.
597 826 706 886 Similia
731 827 774 884 his
794 827 831 884 ab
856 826 936 886 Icilio
958 827 1151 904 jactabantur:

220 905 368 964 comitatus
381 908 521 966 mulielnia
538 904 598 982 plris
610 905 695 964 tacito
718 904 794 972 fletu,
814 903 897 979 quim
919 904 974 962 ulla
986 925 1047 974 ror,
1061 925 1153 965 more·

220 976 275 1040 bat.
315 985 458 1043 Adversus
470 1004 531 1060 que
550 983 644 1041 omnia
668 982 805 1040 obstinato
824 983 918 1040 animo
939 983 1047 1060 Appius
1062 983 1153 1060 (tanta

219 1059 260 1116 ris
273 1062 401 1119 amentim
422 1063 629 1137 veridqqui1m
652 1059 760 1128 amoris,
784 1071 906 1118 mentem
925 1061 1094 1142 turbaverat)
1120 1063 1151 1124 iu

219 1136 339 1196 tribunal
352 1141 496 1198 escendit:
530 1151 567 1206 et,
582 1139 653 1196 ultro
669 1147 802 1212 querente
824 1153 914 1213 pauca
933 1139 1058 1214 petitore,
1078 1139 1152 1216 quod

189 1235 213 1273 ro
218 1212 264 1288 jus
276 1216 328 1272 sibi
338 1218 426 1292 pridie
439 1237 487 1293 per
500 1210 679 1276 ambitionem
701 1215 807 1272 dictum
828 1235 884 1274 uon
897 1226 979 1283 esset,
992 1218 1152 1292 priusquam

221 1301 269 1348 aut
282 1292 327 1350 ille
340 1296 506 1368 postulatum
526 1303 678 1370 perageret,
699 1302 746 1350 aut
766 1292 894 1368 Virgiuio
906 1295 1090 1368 respondendi
1103 1296 1153 1353 da·

220 1379 296 1425 retur
315 1371 402 1444 locus,
425 1374 533 1448 Appius
555 1373 706 1430 interfatur.
745 1369 841 1431 Quem
864 1370 976 1428 decreto
996 1390 1151 1432 sermonem

218 1449 404 1520 praetenderit,
418 1450 508 1508 forsan
523 1450 641 1523 aliquem
663 1467 758 1505 verum
771 1461 896 1506 auctores
909 1448 1014 1523 antiqui
1033 1449 1152 1508 tradide-

218 1523 290 1582 rint:
310 1527 375 1600 quis
388 1546 524 1602 nusquam
537 1527 623 1586 ullum
637 1526 666 1582 in
678 1529 755 1582 tanti
769 1526 890 1584 foeditate
900 1525 1004 1583 decreti
1019 1527 1152 1585 verisimi-

188 1599 274 1661 ralem
287 1603 414 1674 invenio;
435 1606 473 1672 id,
487 1606 559 1680 quod
574 1603 691 1669 constat,
701 1604 806 1660 nudum
815 1603 1150 1678 videturproponendum‚

219 1678 346 1736 decresse
373 1683 507 1739 vindicias
533 1683 688 1738 secundum
718 1679 885 1736 servitutem.
939 1679 1031 1737 Primo
1058 1691 1152 1753 stupor

218 1773 315 1813 omnes
328 1758 509 1815 admiratione
525 1758 565 1815 rei
586 1768 643 1814 tam
666 1755 767 1812 atrocis
779 1755 892 1808 defixit:
924 1753 1063 1808 silentium
1085 1755 1151 1809 inde

219 1832 385 1906 aliquamdiu
399 1836 497 1891 tenuit.
538 1833 611 1891 Dein
635 1849 720 1906 quum
737 1828 778 1886 Ill.
792 1828 937 1894 Claudius.
947 1825 1152 1888 circumstanti·

218 1909 271 1966 bus
282 1912 425 1983 matronis,
438 1913 490 1969 iret
504 1913 538 1969 ad
551 1908 777 1986 prehendendam
798 1906 942 1980 virginem,
957 1905 1152 1964 lamentabilis·

184 2005 272 2059 noque
285 2005 348 2043 eum
373 1988 519 2045 mulierum
542 1986 720 2062 comploratio
736 1985 909 2060 excepisset3
941 1983 1095 2064 Virginius,
1109 1979 1151 2048 iu-

219 2072 330 2120 tentans
350 2065 379 2120 in
401 2066 522 2139 Appium
544 2084 651 2138 manns,
677 2063 815 2137 “Icilio”
830 2065 937 2140 iuquit,
965 2067 1078 2142 “Appi
1094 2088 1151 2130 non

219 2145 238 2178 “
248 2140 307 2209 tibi,
321 2141 406 2198 filiam
420 2143 569 2216 despondi;
595 2153 624 2213 ep
636 2144 671 2199 ad
684 2143 804 2217 nuptias,
818 2161 874 2202 nou
888 2142 923 2200 ad
937 2154 1071 2219 stuprum,
1084 2149 1152 2206 edu·

218 2224 238 2256 ‘⁴
248 2219 319 2274 cari.
359 2219 454 2276 Placet
467 2221 604 2294 pecudum
618 2219 791 2293 ferarumque
809 2220 862 2276 ritu
875 2223 1028 2294 promiscue
1042 2223 1071 2280 iu
1085 2243 1152 2282 con·

217 2299 237 2333 “
248 2297 360 2353 cubims
372 2300 473 2354 ruerel
514 2297 662 2354 Passuriue
675 2299 736 2354 bmc
748 2297 793 2352 isti
805 2298 869 2366 sint,
883 2299 994 2354 nescio:
1019 2318 1075 2356 non
1088 2321 1151 2376 spe-

183 2378 237 2433 m“
247 2391 349 2430 roesse
362 2393 490 2449 passuros
504 2375 574 2447 illos,
597 2374 643 2448 qui
664 2387 740 2430 arum
756 2373 887 2430 habent.’'
925 2374 1022 2436 Quum
1036 2377 1150 2452 repelle-

217 2461 292 2508 retur
306 2463 422 2509 assertor
436 2453 551 2528 rirginis
563 2471 581 2510 a
593 2453 675 2528 globo
695 2452 842 2509 mulierum
855 2450 1150 2530 circumstantiumque

218 2529 421 2598 advocatorum,
436 2531 575 2588 silentium
589 2531 693 2588 factum
706 2547 756 2603 per
767 2547 933 2604 preconem.

255 2684 394 2744 XLVIII.
422 2687 578 2754 Decemvir,
593 2688 728 2745 alienatus
741 2686 775 2744 ad
789 2685 932 2744 libidinem
940 2688 1040 2756 animo,
1054 2700 1148 2764 negat,

217 2763 371 2822 “hesterno
384 2764 490 2822 tautdm
503 2766 630 2822 convicio
652 2765 724 2822 Icilii
746 2764 929 2838 violentiique
950 2765 1080 2840 virginii,
1101 2785 1150 2823 cu·

184 2844 237 2900 „a
244 2840 289 2916 jus
301 2850 399 2898 testam
412 2843 543 2916 populum
563 2844 723 2900 Romanum
746 2843 853 2911 babent,
874 2842 923 2898 sed
944 2843 1027 2899 certis
1040 2861 1149 2916 quoque
1233 2916 1235 2922 ,

218 2917 356 2976 “indiciis
376 2931 545 2995 compertum
569 2939 599 2976 se
622 2920 733 2986 habere,
756 2931 838 2978 nocte
851 2922 906 2976 totl
926 2928 1015 2974 cretus
1037 2919 1066 2976 in
1081 2920 1149 2978 urbe

218 2993 331 3052 “laetos
353 3015 414 3054 esse
438 2999 472 3054 ad
495 2997 659 3056 movendam
682 2997 854 3054 seditionem.
895 2996 991 3069 Itaque
1012 3015 1053 3068 se,
1073 2997 1148 3056 haud

216 3077 236 3111 ‘⁶
245 3072 364 3130 inscium
375 3075 436 3150 ejus
449 3075 643 3144 dimicationis,
657 3091 722 3132 eum
733 3075 847 3132 armatis
859 3072 1037 3130 descendisse
1049 3093 1057 3142 ς
1091 3093 1147 3134 ιιοιι

217 3156 275 3208 “ut
288 3170 454 3226 quemquam
473 3153 599 3229 quietum
613 3153 734 3224 violaret,
755 3152 805 3208 sed
818 3161 848 3208 ut
868 3151 1009 3208 turbantes
1028 3152 1149 3212 ciuitatis

184 3229 330 3288 at‘lotium
343 3249 392 3304 pro
415 3231 557 3304 majestate
578 3230 685 3304 imperii
708 3235 856 3287 coerceret.
896 3228 1016 3286 Proinde
1036 3230 1148 3304 quiesse

217 3307 296 3364 “erit
309 3307 416 3364 melius.
456 3308 499 3376 I‚’'
514 3309 612 3382 inquit,
626 3307 751 3377 “lictor3
776 3306 906 3363 submove
919 3307 1044 3377 turbem3
1070 3318 1098 3364 et
1110 3307 1148 3366 da

217 3384 315 3442 “aiam
341 3385 452 3442 domino
484 3387 519 3442 ad
544 3385 772 3460 prehendendum
797 3381 995 3458 mancipium’*
1046 3383 1146 3448 Quum

217 3460 278 3518 brec
290 3463 455 3521 intonuisset
467 3463 565 3538 plenus
579 3464 635 3530 ire,
656 3461 803 3520 multitudo
815 3461 917 3535 ipsese
930 3461 981 3520 suri
994 3472 1092 3538 sponte
1103 3461 1146 3520 di·

217 3539 320 3608 monita
349 3543 512 3615 desertaque
530 3540 623 3616 prada
635 3540 742 3616 injurie
754 3538 847 3616 puella
858 3540 954 3600 stabat.
993 3539 1068 3597 Tum
1082 3539 1146 3598 Vir·
1226 3557 1231 3566 ·

181 3616 319 3693 cogimus,
344 3619 392 3675 ubi
418 3619 486 3676 nihil
510 3637 624 3694 usquam
647 3618 741 3698 auxilii
768 3617 843 3684 vidit,
868 3617 1029 3684 “Quaesoss’
1044 3617 1145 3692 inquit,

214 3704 234 3730 ⁴·
242 3695 328 3770 Appi,
339 3695 457 3770 primdm
470 3697 584 3773 ignosce
597 3698 684 3774 patric
706 3695 802 3763 dolori,
826 3695 849 3753 sl
865 3696 931 3771 quid
945 3695 1146 3755 inclementius

212 3776 236 3816 l‘
243 3773 273 3831 in
286 3783 315 3831 te
331 3792 392 3833 sum
413 3775 556 3835 invectus:
592 3775 693 3836 deinde
713 3775 789 3835 siuas
811 3773 857 3833 hlc
869 3791 963 3838 coram
975 3771 1081 3856 virgiac
1094 3791 1145 3834 uu·
