2622 4194
626 705 662 764 Τ.
681 707 782 766 LIVII

546 955 859 1064 eumolpio.

638 1219 776 1232 ——n—

285 1408 481 1471 Floronusn'n
501 1427 591 1484 opere
612 1411 729 1484 pretium
753 1411 820 1482 eim,
839 1411 862 1468 si
882 1429 899 1466 e
918 1408 1067 1484 primordio
1087 1407 1169 1467 Urbis

245 1521 289 1560 res
310 1504 403 1578 populi
426 1504 547 1562 Rotnani
569 1504 784 1578 perscripserim,
808 1523 863 1560 nee
885 1504 951 1560 setis
974 1503 1042 1574 seio,
1062 1521 1123 1572 nee,
1144 1503 1168 1560 si

244 1599 340 1664 seiam,
354 1597 447 1654 dicere
461 1598 564 1667 ansim3
584 1598 684 1673 quippe
698 1599 754 1672 qui,
765 1617 850 1672 quum
860 1607 989 1664 veterem,
1003 1609 1062 1656 tum
1075 1596 1168 1671 vulga·

243 1702 299 1748 tem
312 1711 372 1748 esse
386 1710 454 1758 rem,
468 1692 585 1758 videsne,
599 1692 666 1748 dnm
689 1693 752 1750 novi
773 1709 880 1766 semper
898 1691 1053 1765 scriptores,
1067 1700 1114 1746 eut
1137 1689 1167 1746 in

221 1785 324 1843 erebus
336 1785 439 1842 certius
451 1785 554 1859 aliquid
567 1785 695 1843 allaturos
717 1805 755 1856 se,
770 1795 817 1842 aut
839 1785 978 1842 scribendi
998 1794 1055 1840 arte
1068 1783 1166 1840 rudem

242 1889 404 1936 vetustatem
427 1889 609 1954 superaturos,
631 1880 757 1936 eredunt.
803 1879 959 1952 Utcumque
975 1878 1042 1958 =erit,
1059 1877 1166 1952 juvabit

240 1983 343 2043 tamen,
362 1991 453 2030 rerum
473 1983 612 2048 gestarum
624 1973 763 2032 memoriae
776 1972 908 2048 principis
927 1983 1061 2028 terrarum
1079 1987 1166 2044 popu·

241 2065 261 2120 li
283 2084 333 2138 pro
354 2066 423 2120 virili
443 2077 519 2138 parte
531 2077 560 2122 et
571 2085 616 2124 me
636 2068 725 2140 ipsum
744 2066 935 2134 consuluisse3
956 2075 993 2135 et,
1007 2065 1031 2122 si
1044 2064 1073 2120 in
1086 2061 1165 2138 tanti

241 2158 404 2232 scriptorum
417 2157 498 2213 turbri
511 2174 574 2213 meo
586 2158 658 2214 sama
670 2160 699 2214 in
712 2160 829 2216 obscuro
839 2159 883 2231 sit,
893 2159 1035 2215 nobilitate
1046 2175 1079 2214 no
1090 2175 1164 2231 megf

209 2252 366 2312 tortitudine
391 2269 496 2323 eorum,
522 2269 585 2308 meo
607 2251 653 2324 qui
676 2252 781 2308 nomini
800 2253 931 2318 officient,
957 2270 1002 2308 me
1028 2250 1163 2308 consoler.

239 2347 299 2404 Res
312 2356 354 2403 est
373 2355 505 2420 proeteree
524 2356 553 2402 et
572 2344 700 2402 immensi
715 2344 816 2419 operis,
837 2353 868 2402 ut
887 2363 947 2418 quse
967 2361 1050 2417 supra
1062 2334 1173 2416 septin-¹

238 2441 423 2516 genteeimum
436 2458 539 2496 annum
556 2449 709 2514 repetetur3
729 2449 758 2495 et
778 2456 849 2512 quse,
870 2438 906 2494 ab
918 2437 1026 2512 exiguis
1039 2436 1165 2512 proseote.

238 2535 333 2601 initiis,
356 2532 390 2590 ei>
413 2533 536 2603 ereverit,
560 2543 591 2590 ut
613 2533 671 2608 jam
694 2533 884 2607 magnitudine
909 2532 1015 2588 laboret
1039 2531 1106 2588 suri:
1135 2541 1164 2588 et

237 2627 388 2704 legentium
398 2627 543 2702 plerisque,
554 2627 628 2684 haud
642 2627 746 2694 dubito,
758 2627 824 2700 quin
833 2626 929 2701 primae
939 2626 1059 2701 origines
1071 2625 1161 2701 proxi·

205 2741 335 2796 romaque
358 2721 510 2796 originibus
543 2721 634 2778 minus
656 2720 970 2796 prebituratoluptatis
993 2718 1057 2786 sint,
1088 2705 1184 2774 sesti?

237 2817 367 2874 nantibus
396 2815 431 2872 nd
458 2815 518 2874 haee
544 2833 624 2881 nova,
649 2814 749 2888 quibus
771 2814 830 2889 jem
858 2814 965 2888 pridem
989 2811 1162 2886 praevalentis

236 2911 329 2986 populi
348 2910 419 2966 vires
437 2927 467 2966 se
487 2908 553 2983 ipsae
571 2908 730 2966 conficiunt.
770 2908 840 2982 Ego,
861 2907 966 2977 contri,
980 2905 1033 2961 hoo
1051 2923 1161 2980 quoque

234 3005 335 3062 loboris
347 3004 489 3079 premium
509 3013 611 3078 petam,
625 3012 656 3060 ut
675 3020 719 3059 me
740 3020 757 3058 a
775 3010 927 3075 conspeetu
942 2998 1085 3066 melorum,
1099 3017 1160 3074 quae

179 3087 184 3098 ’
235 3109 328 3158 nosue
340 3108 379 3154 tot
391 3115 439 3172 per
453 3113 540 3154 annos
554 3097 621 3152 vidit
643 3107 717 3166 retas,
731 3095 863 3170 tantisper
885 3091 960 3150 certe
983 3093 1050 3150 dum
1069 3093 1161 3168 prison

201 3193 281 3258 milla
303 3192 361 3250 toti
382 3201 475 3248 mente
497 3201 600 3265 repeto,
621 3201 750 3257 avertem,
763 3189 853 3246 omnis
875 3205 975 3262 expers
994 3205 1078 3262 oure,
1098 3205 1159 3262 qnte

233 3279 379 3346 sorib'entis
404 3285 537 3356 animum,
563 3284 615 3342 etsi
640 3303 697 3342 non
726 3284 838 3342 flectere
867 3300 885 3340 u
911 3301 983 3354 vero,
1011 3279 1160 3338 sollicitum

234 3393 326 3440 temen
349 3381 459 3438 efficere
480 3380 575 3455 possit.
613 3379 688 3440 Quae
707 3388 771 3436 ente
791 3376 930 3434 eonditum
949 3373 1159 3434 condendamve

233 3475 346 3545 Urbem,
365 3473 483 3551 poeticis
509 3473 598 3550 magis
624 3474 725 3530 deeora
751 3469 859 3542 fabulis,
884 3470 966 3544 quern
993 3468 1158 3542 inoorruptis

232 3587 324 3628 rerum
345 3580 484 3646 gestarum
504 3567 699 3638 monumentis,
722 3566 875 3633 truduntur,
895 3583 930 3622 eu
948 3580 1002 3620 neo
1021 3561 1157 3618 affirmare

198 3683 287 3732 aneo
299 3664 422 3724 refellere
436 3664 465 3722 in
479 3662 571 3722 animo
583 3672 634 3720 est.
672 3659 762 3718 Detur
774 3658 835 3716 hee
847 3658 928 3716 venie
941 3655 1104 3730 antiquitati,
1115 3665 1154 3720 ut,
