2638 4206
486 359 587 412 LIBER
601 360 631 412 V.
664 372 845 412 eluuntur.
1081 361 1138 422 119

247 503 404 566 xxxvtt.
422 503 522 566 Quum
535 515 611 562 tanta
623 503 709 562 moles
722 504 786 561 mali
801 504 922 573 instaret,
950 499 1034 576 (oderi
1047 499 1138 560 obere-

205 594 252 642 eat
267 585 374 642 auinaue
386 583 519 650 Fortuna,
534 583 580 639 ubi
591 583 645 638 viru
660 601 738 638 suam
761 583 933 657 ingruentem
954 579 1067 654 refringi
1081 599 1136 639 nou

207 664 275 736 vult)
290 662 396 730 civitas,
411 680 470 735 quae
484 661 614 718 adversus
628 658 791 717 Fidenatem
816 679 849 716 ac
870 659 1016 734 Vejentem
1030 658 1138 716 hostem

207 740 328 812 aliosque
342 739 473 797 finitimos
486 739 608 813 populos,
622 738 720 794 ultima
741 738 885 812 experiens
899 735 1009 805 auxilia,
1023 735 1139 793 dictato-

186 833 265 874 srem
280 817 372 874 multis
386 817 593 891 tempestatibus
607 817 722 872 dixisset
733 839 754 885 3.
770 835 804 871 ea
816 826 894 885 tune,
908 813 1044 870 invisitato
1057 824 1138 888 atque
1177 861 1181 874 r

207 895 332 953 incedito
345 896 423 951 lroste
437 895 471 950 ab
491 895 609 950 Oceano
632 905 819 967 terrarumque
840 891 944 950 ultimis
963 891 1018 948 oris
1036 890 1138 950 bellum

207 973 309 1042 ciente,
324 973 391 1029 nibil
405 972 612 1029 extraordinarii
625 972 732 1046 imperii
746 984 794 1028 aut
807 970 901 1026 auxilii
915 969 1046 1044 quesivit.
1075 969 1138 1026 Tri·

207 1049 285 1120 buni,
303 1069 418 1124 quorum
439 1050 592 1107 temeritate
616 1049 717 1106 bellum
740 1060 912 1106 contractum
935 1058 1001 1117 crat,
1025 1065 1139 1106 sumnus

208 1147 299 1184 rerum
324 1138 475 1202 quaerant:
507 1127 699 1201 delectumque
724 1128 810 1184 nihilo
831 1125 1038 1196 accuratiorem,
1056 1125 1147 1199 quiam

178 1207 245 1264 teari
259 1207 350 1264 media
363 1206 434 1262 bella
447 1205 541 1262 haberi
555 1206 651 1262 solitus
663 1216 730 1275 erat,
742 1205 936 1279 (extenuantes
946 1203 1029 1258 etiam
1040 1201 1140 1260 sarnam

211 1283 290 1358 belli)
312 1284 457 1341 habebant.
505 1283 619 1339 Interim
639 1283 721 1353 Galli,
743 1295 885 1357 postquam
909 1283 1051 1355 accepire,
1072 1281 1141 1340 ultro

211 1361 344 1418 bonorem
368 1361 492 1417 habiturn
511 1361 685 1418 violatoribus
703 1361 772 1436 juris
792 1351 919 1431 humaui,
933 1359 1090 1433 elusamque
1104 1359 1141 1416 le·

210 1439 350 1514 gutierrem
365 1457 442 1494 suam
456 1457 525 1508 esse,
541 1437 687 1512 flagrantes
701 1439 750 1506 irai,
772 1439 851 1514 cujus
865 1440 1000 1512 impotens
1010 1447 1052 1493 est
1064 1453 1142 1512 gens,

210 1516 359 1573 confestim
380 1516 467 1590 signis
481 1516 629 1590 convulsis,
649 1518 733 1573 citato
753 1517 864 1592 agmine
878 1515 928 1572 iter
942 1514 1142 1590 ingrediuntur.
1168 1585 1169 1588 Ἴ

178 1609 203 1650 rs
213 1594 258 1650 Ad
271 1613 388 1668 quorum
401 1594 626 1668 praetereuntium
645 1595 742 1669 raptim
766 1595 913 1650 tumultum
934 1609 1018 1666 quum
1031 1592 1143 1649 exterri-

211 1685 246 1728 tte
267 1673 350 1728 urbes
368 1672 402 1727 ad
424 1691 500 1727 arura
519 1684 725 1739 concurrerent,
746 1672 863 1747 sagaque
884 1669 1032 1746 agrestium
1058 1669 1144 1741 fieret,

212 1750 333 1807 Romam
347 1769 377 1806 se
398 1749 446 1821 ire,
467 1767 568 1824 magno
588 1750 708 1808 claruere
732 1750 941 1826 significabaut3
972 1751 1144 1822 quicumque

212 1827 298 1897 ibant,
312 1828 389 1902 equis
409 1827 527 1901 virisque
541 1827 621 1904 longe
645 1847 678 1884 ac
699 1829 754 1884 latr}
775 1828 835 1885 sime
848 1827 958 1902 agmine
979 1827 1144 1883 immensum

213 1906 371 1962 obtinentes
384 1905 446 1962 loci.
488 1906 553 1972 Sed,
577 1907 761 1963 autecedente
784 1907 858 1962 larnai
877 1903 1037 1978 nuntiisque
1056 1899 1146 1960 Clusi·

179 1997 322 2053 sonorum,
336 1983 469 2056 deinceps
483 1983 546 2039 inde
565 1984 681 2054 alierum
702 1984 872 2059 populorum,
896 1982 1043 2058 plurimum
1063 1983 1154 2047 terro'

215 2061 253 2116 ris
279 2060 398 2116 Romam
419 2059 545 2116 celeritas
571 2062 688 2118 bostium
713 2062 925 2136 tulit31quippe
945 2060 1053 2136 quibus,
1074 2059 1148 2116 velut

215 2137 395 2195 tumultuario
413 2137 538 2193 exercitu
558 2140 654 2212 raptim
685 2140 778 2212 ducto,
809 2140 880 2215 egre*
908 2140 943 2195 ad
967 2138 1147 2196 undecimum

215 2215 335 2290 lapidem
349 2233 495 2272 occursum
509 2226 558 2286 est,
572 2219 626 2289 qui
641 2216 742 2273 llumen
768 2218 851 2282 Allia,
873 2216 1059 2273 Crustuminis
1072 2235 1148 2273 men-

215 2294 289 2351 tibus
302 2294 413 2368 prrealro
427 2292 552 2349 defluens
566 2294 652 2361 alveo,
677 2295 749 2350 baud
764 2294 879 2350 muluim
893 2294 1048 2350 instoriam
1063 2293 1149 2350 Tibe·

181 2372 277 2428 asriue
290 2372 365 2428 amni
386 2372 524 2427 miscetur.
565 2371 628 2428 Jaru
651 2373 744 2430 ernnia
764 2371 861 2429 contria
880 2369 1010 2445 circique
1030 2370 1149 2430 hostium

216 2449 297 2524 plena
310 2460 408 2518 erant3
438 2460 467 2505 et
489 2461 554 2506 nata
576 2449 604 2506 in
626 2469 709 2507 vanos
729 2451 862 2507 turnultus
875 2467 954 2526 gens,
974 2449 1045 2506 truci
1065 2461 1150 2507 cantu

216 2527 439 2602 clamoribusque
461 2527 551 2599 teriia,
575 2528 713 2586 horrendo
726 2541 829 2586 cuncta
849 2527 1053 2604 compleverant
1073 2544 1150 2586 seno.

387 2605 392 2632 l

255 2681 429 2741 XXXVIII.
463 2683 505 2740 lbi
531 2683 635 2742 tribuni
656 2685 783 2753 rnilitum,
804 2703 860 2744 non
883 2687 945 2744 leco
963 2686 1062 2744 castris
1086 2685 1150 2742 antri

218 2773 308 2835 capto,
322 2781 378 2819 uon
391 2763 555 2836 prtemuuito
568 2763 647 2832 vallo,
661 2762 714 2844 qud
725 2765 852 2840 receptus
865 2776 946 2834 esset,
960 2781 1017 2822 nen
1028 2763 1152 2820 Deorum

185 2855 210 2898 ee
220 2839 326 2908 saltem,
341 2840 363 2895 si
384 2857 440 2895 non
460 2840 611 2908 bominum,
627 2858 769 2912 memores,
792 2861 845 2899 nec
859 2841 1011 2916 auspicatis,
1024 2857 1079 2896 nec
1094 2839 1153 2896 lita·

219 2915 259 2982 td,
272 2917 423 2973 ‘nastruunt
445 2917 534 2972 aciem
558 2917 698 2974 diductam
718 2919 746 2976 in
766 2937 880 2986 cernua,
900 2937 937 2975 ne
957 2917 1152 2975 circumveniri

219 2993 396 3052 nraltitudina
405 2995 523 3051 hostium
536 3007 663 3070 possent:
684 3013 738 3053 nee
750 3010 840 3055 tamen
850 2996 951 3071 equari
963 2995 1066 3053 frontes
1079 3007 1154 3070 pote·

219 3084 291 3143 rant,
304 3089 388 3146 quum
403 3074 579 3130 extenuando
594 3073 728 3132 infirmam
738 3089 767 3132 et
777 3077 821 3132 rix
833 3076 1018 3132 cohaerentem
1032 3074 1153 3132 mediam

220 3151 309 3207 acient
324 3152 466 3208 baberent
507 3151 622 3208 Paulum
636 3165 695 3210 erat
715 3153 749 3210 ab
770 3155 881 3210 dextera
901 3151 969 3209 editi
987 3152 1051 3220 leci,
1070 3169 1154 3227 quem

188 3229 392 3286 atsubsidiariis
405 3229 503 3304 repleri
516 3231 640 3304 placuit3
661 3249 747 3305 eaque
762 3251 813 3301 res,
828 3244 858 3287 ut
871 3230 980 3287 initium
992 3231 1100 3306 pavoris
1119 3249 1154 3286 ac

222 3305 302 3381 fugae,
316 3308 357 3364 sic
372 3325 427 3364 una
439 3308 513 3364 salus
534 3308 703 3382 lugientibus
718 3309 787 3366 luit:
814 3327 878 3366 nem
893 3309 1028 3380 Brennus,
1042 3308 1155 3383 regulus

222 3383 372 3456 Gallorum,
387 3386 416 3442 iu
431 3386 567 3460 paucitate
582 3387 700 3443 bostium
715 3400 800 3444 artem
820 3386 937 3444 manime
956 3387 1066 3458 timens,
1080 3396 1155 3442 ratus

223 3461 258 3516 ad
282 3462 310 3518 id
330 3476 441 3539 captum
466 3464 633 3537 superiorem
657 3463 759 3536 locum,
784 3477 822 3531 ut,
847 3465 894 3522 ubi
913 3465 986 3522 Galli
1007 3481 1072 3521 curn
1092 3461 1156 3520 acie

223 3537 364 3613 logicum
385 3542 462 3600 rectit
477 3539 828 3611 fronte-concucurrissent,
843 3544 966 3600 subsidia
991 3543 1020 3600 iu
1046 3555 1157 3598 aversos

191 3620 448 3694 retransterso'sque
463 3619 594 3695 impetum
608 3622 715 3688 clarent,
735 3623 770 3678 ad
793 3622 970 3679 subsidiarios
992 3621 1072 3695 sigua
1091 3635 1157 3678 cen·

226 3695 327 3764 rertitt
346 3698 368 3753 si
382 3715 429 3755 eos
443 3699 504 3756 leco
514 3699 674 3773 depulisset,
698 3701 771 3756 baud
786 3701 896 3772 debias,
912 3699 1021 3757 facilem
1035 3699 1064 3756 in
1078 3713 1157 3772 equo

224 3774 442 3856 complacuerint
462 3778 602 3853 superanti
629 3779 798 3836 multitudini
820 3779 960 3837 victoriam
974 3777 1052 3836 lore:
1086 3773 1157 3834 adad
