2620 4200
172 309 236 388 aaa
565 317 729 408 rrrrtrvn

174 472 261 526 “tum
273 466 327 526 rint
347 461 477 526 Fortuna
496 461 670 543 Martemque·
690 467 755 526 belli
774 477 962 540 communem,
982 485 1106 544 propone

173 546 299 604 “animo
339 543 482 620 Utrimque
503 545 613 612 ferrum,
634 565 749 622 corpora
768 546 889 604 bumana
907 557 1007 604 erunt:
1038 565 1106 604 nuta

172 632 281 698 “quarn
304 622 396 680 miritis
416 622 499 698 quim
525 624 554 680 iu
574 624 655 696 bello,
676 635 791 683 eventus
810 625 986 700 respondent.
1035 623 1104 682 Non

170 709 305 758 “tantum
318 702 353 758 ed
367 702 405 769 id,
425 702 498 776 quod
511 701 576 758 dart
589 721 658 776 pecc
668 702 726 778 jem
744 703 852 760 babere
860 715 945 778 potes,
970 701 993 758 si
1006 702 1104 776 proelio

169 778 301 852 “vincas
314 779 408 855 glorie
422 779 566 856 adjeceris,
581 791 713 854 quantum
724 781 870 846 ademeris,
884 780 983 854 siquid
995 780 1102 837 adversi
1123 789 1139 833 e

168 863 187 898 “
196 857 314 916 eveniat.
335 856 424 916 Simul
438 867 516 932 parta
528 875 563 914 ac
575 869 684 932 sperata
696 859 797 916 decore
811 860 894 915 unius
904 859 979 914 borae
993 857 1102 914 fortuna

167 941 319 992 “evertere
332 945 429 1010 potest.
469 934 574 992 Omnia
587 936 616 992 in
627 955 696 1010 pace
716 937 859 1012 jungenda
884 946 938 993 tue
960 935 1101 1010 potestatis

167 1018 185 1053 “
194 1025 268 1084 tuna
282 1013 313 1070 P.
327 1013 456 1071 Corneli:
486 1024 554 1070 tunc
565 1030 600 1069 ca
613 1014 741 1071 habenda
755 1011 863 1072 fortuna
882 1014 945 1089 erit,
956 1030 1037 1088 quam
1051 1012 1102 1070 Dii

166 1096 186 1130 “
196 1091 332 1148 dederint.
385 1091 462 1148 Inter
495 1109 584 1166 pauca
609 1091 748 1149 felicitatis
780 1092 940 1166 virtutisque
972 1091 1102 1165 exempla

167 1175 186 1207 “
195 1168 238 1226 Μ.
252 1169 355 1226 Atilius
374 1169 513 1243 quondam
533 1167 562 1226 in
583 1170 635 1225 bec
655 1171 752 1228 eidem
766 1172 837 1227 terra
851 1170 956 1236 fuisset,
977 1169 1000 1225 si
1013 1168 1138 1225 sictorto

166 1252 291 1321 “pacem
309 1247 466 1322 petentibus
479 1247 600 1304 dedisset
609 1248 733 1321 patribus
744 1248 861 1304 nostris:
888 1265 943 1304 non
955 1246 1102 1304 statuendo

166 1333 184 1361 “
193 1326 306 1382 tandem
319 1325 443 1382 felicitati
458 1325 577 1394 modum,
596 1343 651 1382 nee
664 1326 820 1382 cohibendo
832 1326 991 1382 efferentem
1005 1342 1035 1380 se
1048 1323 1102 1381 for·

165 1408 298 1475 “tunam,
318 1401 419 1478 quantd
439 1401 519 1460 datas
538 1402 626 1459 elatus
645 1414 713 1476 erat,
733 1402 767 1460 ed
780 1403 878 1460 foedids
898 1403 1009 1460 corruit.
1048 1401 1101 1459 Est

164 1481 306 1556 “quidem
332 1481 402 1556 ejus,
422 1481 468 1555 qui
495 1481 551 1548 dat,
572 1499 629 1538 non
648 1482 694 1555 qui
715 1482 791 1558 petit,
813 1481 985 1538 conditiones
1005 1479 1104 1537 dicere

164 1563 183 1598 ‘⁴
193 1559 287 1634 pacis:
308 1561 357 1616 sed
371 1559 483 1617 forsitan
497 1578 552 1616 non
571 1559 678 1634 indigni
702 1561 798 1631 simus,
821 1560 868 1634 qui
889 1559 1026 1616 nobismet
1045 1557 1134 1634 ipsias

163 1637 305 1694 “multam
319 1638 479 1713 irrogemus.
519 1637 585 1696 Nan
599 1656 768 1703 recusamus,
783 1638 849 1711 quin
866 1637 968 1706 omnia,
989 1645 1097 1710 propter

163 1717 251 1788 “qne
266 1715 367 1772 bellum
381 1715 483 1772 initum·
494 1725 543 1784 est,
560 1725 648 1772 vestra
661 1716 725 1780 sint,
748 1715 854 1786 Sicilia,
879 1715 1016 1783 Sardinia,
1032 1714 1098 1770 His-

163 1791 281 1866 “pania
295 1792 427 1866 quidquid
449 1793 601 1848 insularum
622 1803 679 1849 toto
691 1785 763 1850 inter
787 1793 913 1850 Africam
933 1792 1098 1866 Italiamque

163 1875 182 1909 ‘⁶
190 1869 348 1926 continetur
372 1868 449 1926 mari.
499 1869 754 1945 Carthaginienses,
775 1871 875 1927 inclusi
897 1871 1001 1928 Africae
1014 1869 1098 1927 litori·

162 1945 252 2019 “bus,
279 1965 325 2004 ros
352 1946 476 2022 (quando
494 1947 533 2005 ite
553 1946 614 2005 Diis
633 1948 752 2028 placuit)
783 1960 900 2006 externa
919 1948 1001 2004 etiam
1023 1947 1132 2004 terrac
1154 2013 1157 2018 Δ

163 2030 181 2064 “
190 2025 323 2099 marique
338 2025 481 2083 videamus
500 2036 628 2100 regentes
648 2027 770 2100 imperia.
821 2027 905 2084 Haud
926 2026 1094 2102 negaverim,

162 2108 298 2178 “propter
318 2120 373 2161 nou
394 2103 477 2162 nimis
490 2103 597 2161 sincere
612 2105 725 2180 petitam
746 2115 794 2162 aut
806 2114 993 2179 exspectatam
1007 2121 1097 2178 nuper

161 2187 296 2255 “pacem,
321 2193 478 2257 suspectam
500 2201 561 2238 esse
581 2183 658 2240 robis
678 2183 813 2240 Punicam
833 2183 935 2239 fidemr
968 2182 1093 2248 multdm,

91 2260 96 2273 ⁸
161 2265 236 2336 “per
249 2279 316 2334 quos
328 2261 414 2336 petita
426 2260 469 2331 sit,
484 2262 518 2318 ad
539 2260 622 2318 iidem
636 2261 747 2318 tuendae
760 2262 837 2336 pacis
847 2261 974 2335 pertinet,
987 2259 1092 2334 Scipio.
1187 2252 1195 2273 ⁸

160 2337 279 2395 “Vestri
299 2357 406 2414 quoque
430 2337 473 2414 (ut
493 2338 585 2413 audio)
607 2339 702 2396 Patres
722 2339 847 2396 nonnihil
867 2339 951 2395 etiam
971 2338 1007 2394 ob
1028 2339 1130 2404 boare

160 2416 250 2489 “quia
264 2435 358 2490 parum
372 2417 513 2492 dignitatis
525 2417 554 2474 in
566 2416 703 2492 legatione
717 2427 785 2485 erat,
800 2427 970 2492 negaverunt
983 2433 1092 2490 pacem.

161 2493 329 2550 “Hannibal
349 2505 413 2568 peto
432 2512 545 2569 pacemt
578 2496 624 2569 qui
651 2515 742 2570 neque
769 2505 900 2570 peterem,
922 2495 975 2551 nisi
995 2493 1093 2550 utilem

160 2570 348 2627 “crederem:
381 2581 409 2628 et
434 2583 543 2646 propter
573 2575 699 2630 eamdem
727 2574 871 2629 utilitatem
902 2571 998 2629 tu'ebor
1018 2589 1094 2637 eam,-

159 2651 390 2722 “propterquam
403 2649 486 2722 petiit
518 2651 810 2722 et,quernadmodum,
825 2650 975 2725 quiaeme
990 2649 1090 2706 bellum
1132 2690 1135 2696 .

158 2729 178 2762 “
187 2736 308 2800 ereptum
322 2735 371 2796 est,
396 2744 431 2782 ne
444 2740 525 2800 quem
539 2727 599 2801 ejus
612 2728 767 2802 poeniteret,
789 2728 878 2801 quoad
894 2729 945 2802 ipsi
966 2727 1090 2785 invidere
1099 2741 1128 2780 ao

157 2802 248 2871 “Dei,
272 2804 404 2909 preptiti3
435 2803 603 2873 insaniter,
623 2821 754 2880 nequem
777 2806 855 2881 pacis
874 2825 923 2882 per
943 2825 987 2862 me
1006 2815 1090 2880 parte

158 2881 345 2958 “poeniteat’

194 3035 309 3096 XXXI.
342 3039 484 3096 Adversus
497 3039 557 3096 haec
571 3039 717 3114 imperator
730 3041 877 3098 Romanus
897 3038 925 3095 in
939 3039 1012 3093 hanc
1031 3035 1088 3092 fere

156 3116 322 3172 sententiam
335 3118 483 3192 respondit.
524 3123 542 3154 “
552 3117 616 3174 Non
632 3137 675 3174 me
689 3118 807 3188 fallebat,
823 3114 972 3184 Hannibal,
987 3114 1089 3170 adven·
1145 3113 1152 3120 “

157 3191 231 3250 “tile
260 3194 299 3250 tui
329 3213 377 3269 spe
405 3195 649 3271 Carthaginienses
676 3206 703 3252 et
730 3206 891 3271 presentem
912 3193 1127 3250 induciat-umas·

156 3269 276 3339 “fidem,
290 3281 318 3327 et
331 3290 407 3346 spem
420 3267 496 3347 pacis
510 3273 653 3330 turbasse:
683 3290 773 3347 neque
793 3284 823 3329 tu
837 3272 864 3329 id
878 3273 947 3328 sane
961 3270 1090 3327 dissimu-

156 3353 175 3387 “
184 3349 233 3418 las,
246 3347 293 3423 qui
307 3349 341 3406 de
355 3351 559 3408 conditionibus
573 3352 758 3425 superioribus
777 3350 854 3426 pacis
876 3349 971 3406 omnia
984 3348 1090 3404 subtra-

157 3428 245 3493 l‘bas,
259 3436 408 3502 praeterea,
429 3447 489 3502 quae
506 3429 564 3504 jam
584 3429 690 3503 pridem
711 3430 739 3486 in
759 3429 853 3486 nostrii
865 3438 1001 3503 potestate
1014 3434 1090 3482 sunta

157 3504 335 3575 “Ceterdm,
350 3504 484 3562 sicuttibi
507 3522 580 3562 curae
604 3518 655 3577 est,
677 3509 778 3564 sentire
799 3506 873 3563 cives
893 3517 965 3577 tuos,
986 3512 1091 3579 quanto

117 3651 122 3658 ¹
157 3583 232 3653 “per
251 3592 279 3639 te
298 3599 384 3640 onere
401 3582 543 3652 leventur;
564 3585 606 3640 sic
618 3585 686 3640 milri
707 3585 886 3641 laborandum
900 3595 953 3656 est,
967 3601 1014 3650 ne,
1027 3597 1122 3656 quaetc

156 3659 252 3714 “tunc
264 3660 437 3734 pepigerunt,
451 3660 532 3716 hodie
556 3661 695 3718 subtracta
718 3681 753 3718 ex
776 3660 982 3718 conditionibus
1002 3659 1086 3735 pecie,

156 3735 429 3812 “praemieperfidire
449 3737 576 3796 habeant.
617 3737 741 3814 Indigni,
759 3739 857 3812 quibas
877 3739 978 3796 eadem
996 3745 1088 3814 pateat
1133 3792 1134 3805 ,
