2620 4200
179 347 240 420 aaa
570 345 738 404 arritum

181 499 237 558 cirri
251 511 384 556 annorum
398 495 427 553 in
440 495 512 554 terri
526 495 663 554 tartaros
682 505 782 572 gestas,
803 505 844 555 tot
854 493 941 554 duces
953 494 1110 566 Romanoat

181 589 222 636 tot
233 575 370 633 exercitus
382 575 527 632 occidione
540 575 657 643 occisos,
671 586 699 632 et
712 593 762 631 sua
775 575 875 650 cuique
887 576 999 646 decora,
1012 576 1059 632 ubi
1074 575 1110 632 ad

181 655 317 730 insignem
331 653 449 728 alicujus
467 671 567 729 pugnae
587 649 721 734 memoria
740 653 857 710 militam
869 663 989 725 venerat,
1011 653 1112 710 relere-

181 733 235 789 batt
276 731 372 806 Scipio
385 731 543 805 Hispanias,
557 741 586 788 et
598 731 721 788 recentia
733 731 762 788 in
776 731 874 788 Africa
887 731 991 806 proelia,
1004 741 1033 789 et
1045 750 1112 788 con·

181 809 330 867 laesionem
350 809 478 881 hostium,
501 808 573 883 qudd
594 825 684 884 nequa
697 827 752 866 non
772 821 866 884 petere
886 824 983 883 pacem
1004 820 1112 884 propter
1134 814 1149 862 a

125 903 133 914 '
181 899 295 954 metum,
309 903 398 961 neque
412 903 525 943 manere
539 887 569 944 in
592 887 627 943 ed
646 903 702 962 pra
715 887 796 944 melta
809 887 910 944 animis
922 887 1045 961 perfidia,
1065 906 1113 962 po-

180 967 314 1024 tuissent:
347 965 383 1021 ad
406 965 468 1032 hoc,
489 965 657 1039 colloquium
677 965 855 1032 Hannibalis,
867 965 896 1021 in
910 979 1017 1022 secroto
1036 965 1113 1022 habi-

180 1057 250 1110 tum,
265 1061 298 1099 ac
310 1043 427 1098 liberum
442 1043 566 1118 fingenti,
580 1044 633 1118 qua
646 1043 719 1114 velit,
731 1043 813 1100 flecti.
844 1043 999 1113 Ominatur,
1013 1043 1114 1117 quib'us

181 1122 320 1196 quondam
334 1121 464 1194 auspiciis
477 1131 568 1194 patres
590 1135 686 1178 eorum
698 1121 883 1196 pugna-verint
895 1122 930 1177 ad
945 1121 1059 1196 AEgates
1072 1121 1115 1176 in-

182 1201 265 1268 sulas,
298 1217 331 1255 ea
364 1199 417 1255 illis
448 1199 616 1256 exeuntibus
643 1199 672 1255 in
702 1201 791 1256 aciem
818 1199 989 1274 portendisse
1016 1199 1093 1256 Deos
1108 1207 1150 1256 :ra

182 1278 319 1335 “Adesse
332 1276 416 1333 finem
430 1275 494 1333 belli
518 1294 551 1332 ac
568 1277 678 1334 laboris.
719 1277 753 1334 In
773 1277 901 1334 manibus
914 1295 974 1334 esse
994 1278 1117 1351 predam

183 1355 398 1429 “Carthaginis,
423 1354 541 1410 reditum
567 1355 679 1411 domum
710 1355 740 1412 in
759 1356 884 1429 patriam,
915 1355 950 1412 ad
977 1366 1117 1430 parentes,

184 1433 320 1499 “liberos,
335 1432 476 1507 conjuges,
490 1431 662 1506 Penatesque
676 1432 781 1490 Deos?
819 1433 919 1490 Celsus
940 1435 1001 1490 lrtec
1022 1452 1118 1508 corpo·

184 1510 368 1584 re,vultuque
382 1509 420 1566 ita
432 1510 503 1577 leto,
528 1521 558 1567 ut
571 1511 671 1568 vicisse
688 1511 745 1586 jam
762 1512 899 1584 crederes,
914 1511 1032 1570 dicebat.
1071 1512 1117 1568 In-

184 1590 264 1646 struit
284 1588 385 1644 deinde
408 1589 510 1662 primos
532 1589 663 1657 hastatos,
684 1601 745 1665 post
767 1609 814 1648 eos
833 1589 989 1666 prinsipes:
1018 1589 1153 1648 triariisrr

185 1678 349 1742 postremam
363 1667 453 1723 aciem
466 1667 575 1724 clausit.

225 1817 371 1882 XXXIII.
392 1819 458 1881 Non
472 1823 610 1881 confertas
632 1833 724 1881 autem
738 1825 864 1882 cohortes
882 1835 946 1882 ante
960 1843 1010 1882 sua
1027 1841 1121 1900 quam-

188 1914 242 1980 que
256 1902 336 1978 signa
347 1900 508 1968 instruebat,
523 1902 572 1958 sed
586 1901 740 1980 manipulos
750 1903 926 1978 aliquautdm
940 1904 1012 1960 iuter
1025 1922 1055 1959 se
1068 1903 1123 1960 dia-

188 1989 289 2053 tantes,
302 1990 332 2037 ut
345 1990 418 2036 esset
436 1980 563 2055 spatium,
578 1997 631 2054 quo
644 1980 783 2055 elephanti
798 1981 917 2039 hostium
931 1980 1039 2056 accepti
1052 1979 1122 2038 nihil

189 2057 299 2120 ordines
319 2058 469 2116 turbarent.
522 2057 639 2115 Laelium
660 2057 753 2136 (cujus
780 2057 843 2117 antd
870 2059 964 2136 legati,
994 2077 1028 2116 eo
1049 2076 1157 2121 annosa

189 2137 329 2217 questoris
342 2147 418 2194 extra
431 2147 532 2194 sortem
555 2152 591 2193 ex
605 2135 865 2210 senariis-consulto,
878 2139 961 2213 opera
980 2133 1123 2214 utebatur)

189 2233 255 2276 cum
269 2215 366 2274 Italico
379 2215 502 2290 equitatu
523 2213 558 2271 ab
581 2209 691 2272 sinistro
711 2213 808 2287 carnai,
833 2213 1009 2272 Masinissam
1023 2213 1125 2272 Numi·

190 2297 293 2370 dasque
307 2295 341 2351 ab
362 2295 458 2351 dextro
480 2293 624 2368 opposuit:
657 2292 715 2349 vias
732 2303 858 2368 patentes
878 2293 952 2351 inter
969 2292 1126 2367 manipulos

191 2375 433 2449 antesignanorum
448 2371 575 2429 velitibus
587 2369 634 2447 (ea
645 2380 714 2428 tuuc
727 2371 794 2428 levis
808 2382 947 2428 armatura
959 2373 1030 2448 erat)
1052 2388 1126 2427 com-

190 2453 289 2530 plevit;
317 2453 381 2508 dato
400 2459 546 2526 precepto,
567 2459 608 2522 ut,
627 2449 663 2505 ad
683 2449 816 2525 impetum
836 2450 1053 2525 elephantorum,
1078 2459 1161 2506 autes

191 2540 253 2606 post
274 2539 364 2586 rectos
385 2529 543 2603 refugerent
564 2527 810 2599 ordinassetis
831 2528 955 2584 dextram
975 2527 1127 2600 levamque

192 2607 319 2663 discursu
345 2585 516 2680 applicantes
536 2621 565 2661 se
586 2605 783 2680 antesignanis,
811 2606 894 2678 viam,
916 2605 971 2679 qual
991 2605 1129 2661 irruerent

193 2681 223 2743 iu
237 2683 367 2758 ancipitia
387 2684 450 2754 tela,
463 2683 562 2739 belluis
575 2681 683 2738 darent.
713 2683 865 2750 Hannibal,
879 2685 914 2740 ad
929 2694 1059 2741 terrorem
1071 2680 1128 2756 pri-

193 2775 280 2834 mum,
294 2762 455 2836 elephantos
469 2757 622 2836 (octoginta
634 2770 727 2816 autem
741 2769 828 2833 erant,
842 2771 908 2836 quot
918 2761 996 2819 nulla
1005 2774 1128 2833 unquam

193 2841 221 2900 in
244 2841 303 2898 acie
324 2838 388 2897 ante
409 2838 555 2919 habuerat)
570 2837 714 2914 instruxit:
741 2839 843 2896 deiude
867 2840 969 2896 auxilia
988 2839 1163 2912 Ligurumao

193 2921 401 2993 Gallorumque,
419 2917 575 2974 Balearibus
596 2915 757 2991 Maurisque
781 2913 930 2985 admiritis3
960 2915 1130 2973 insecandi

195 2999 255 3056 acie
277 2995 521 3072 Carthaginienses
543 2993 688 3069 Afrosque,
710 3005 738 3052 et
761 2995 948 3052 Macedonum
967 2991 1129 3068 legionem3

196 3077 304 3134 modico
318 3076 382 3132 inde
407 3072 549 3132 intervallo
562 3071 666 3142 relicto,
690 3073 881 3131 subsidiariam
904 3071 993 3128 aciem
1016 3067 1131 3126 Italico-

196 3163 257 3210 r'um
271 3154 387 3211 rnilitum
403 3151 513 3230 (Bruttii
527 3149 648 3226 plerique
662 3161 750 3223 erant,
764 3151 789 3207 vi
803 3171 836 3208 ac
850 3149 1013 3207 necessitate
1024 3147 1128 3222 plume,

196 3230 280 3306 qudm
294 3232 344 3287 sut
359 3231 506 3297 voluntate,
522 3228 703 3286 decedentem
724 3248 758 3286 en
779 3229 864 3287 Italia
876 3227 976 3304 secuti)
991 3225 1164 3284 instruxitaa

199 3307 358 3384 Equitatum
381 3309 464 3366 etiam
485 3307 575 3382 ipsum
605 3307 789 3364 circumdedit
816 3306 969 3363 cornibus:
1002 3305 1131 3361 dextrum

200 3387 453 3464 Carthaginienses,
474 3386 615 3443 sinistrum
634 3384 765 3442 Numida
786 3395 943 3443 tenuerunt.
982 3381 1068 3440 Varia
1085 3381 1133 3438 ad·

201 3465 318 3524 hortatio
330 3476 389 3522 erat
401 3464 430 3520 in
444 3465 568 3521 exercitu
581 3464 652 3520 inter
674 3473 713 3520 tot
736 3463 871 3536 homines,
893 3463 992 3538 quibus
1010 3479 1066 3517 non
1080 3459 1133 3516 lin·

201 3549 265 3618 gua,
279 3562 335 3602 non
349 3561 416 3608 mos,
438 3560 493 3598 non
513 3541 566 3612 lex,
580 3561 636 3598 non
657 3560 740 3608 arma,
755 3560 812 3598 non
826 3541 939 3598 vestitus
958 3539 1137 3612 habitusque,

202 3637 258 3676 uon
272 3639 356 3677 causa
375 3617 511 3676 militandi
530 3619 628 3676 eadem
642 3630 722 3675 esset.
762 3619 952 3676 Auxiliaribus
971 3631 999 3674 et
1012 3629 1166 3692 praesensa

203 3705 232 3767 et
245 3697 424 3772 multiplicata
444 3715 550 3754 merces
571 3716 607 3752 ex
627 3697 718 3772 prada
738 3707 906 3754 ostentatur:
940 3695 1013 3754 Galli
1027 3695 1134 3769 proprio

193 3771 285 3847 'atque
299 3775 381 3833 insito
393 3775 422 3832 in
436 3771 578 3832 Romanos
591 3775 655 3832 odio
668 3775 876 3832 accenduntur:
896 3773 1046 3852 Liguribus
1058 3787 1135 3829 caut·
