2622 4194
523 349 623 402 tmen
639 349 659 399 1¹.
690 361 748 400 ear.
760 362 838 398 xxvu.
1074 371 1083 382 ·
1106 351 1144 413 27

223 495 242 530 “
254 502 385 569 ροεςεοηῐ.1
409 490 433 558 Ι,
447 491 535 556 lictor,
549 490 648 566 colliga
660 507 769 556 manus,
788 507 848 563 que
861 486 942 564 pauld
955 489 1021 549 autb
1032 501 1145 553 armum

224 574 242 606 “
254 570 395 645 imperium
408 569 508 643 populo
521 569 649 625 Romano
670 577 842 642 pepererunt.
882 566 906 634 I,
928 577 1012 641 caput
1031 569 1143 628 obnube

150 657 159 718 ᾗ
223 647 402 704 “liberatoris
416 646 490 702 urbis
504 645 602 719 hujus:
617 645 711 700 arbori
726 643 829 700 infelici
842 645 997 718 suspende:
1021 643 1143 714 verbera,

223 725 292 782 “vel
306 725 378 781 intra
399 722 570 797 pomoerium,
593 723 674 780 modb
698 723 767 776 inter
791 721 837 776 illa
855 722 911 796 pila
933 732 961 777 et
983 723 1069 796 spolia
1082 724 1144 782 hos·

202 807 240 864 5⁶⁴
250 803 337 870 tium3
358 801 400 856 vel
414 812 490 856 extra
502 800 672 873 pomoerium,
696 797 777 854 modd
800 798 872 854 intra
888 799 1014 873 sepulcra
1026 799 1145 858 Curiati·

220 884 238 918 “
248 898 335 936 orum.
375 877 442 938 Qut
455 877 529 934 enim
542 877 644 932 ducere
658 877 733 932 huuc
743 874 873 949 juvenem
886 877 1006 950 potestis,
1026 878 1074 934 ubi
1087 896 1144 936 non

219 963 299 1013 “sua
321 957 422 1012 decora
444 974 507 1010 eum
530 973 550 1022 a,
569 953 645 1009 tanti
668 953 788 1008 loeditate
811 953 938 1026 supplicii
952 954 1144 1011 vindicentl'’

219 1038 247 1094 N
250 1053 285 1091 on
298 1033 360 1090 tulit
373 1032 486 1106 populus
500 1050 553 1087 neo
566 1031 649 1104 patris
666 1029 809 1102 lacrymas,
833 1049 886 1089 neo
909 1030 994 1104 ipsius
1007 1050 1101 1106 parem
1114 1032 1144 1090 in

219 1111 296 1171 omui
308 1110 430 1184 periculo
443 1109 583 1164 animum:
613 1108 849 1180 absolveruntque,
864 1108 1042 1166 admiratione
1056 1111 1144 1184 magis

188 1209 213 1248 to
222 1189 335 1254 virtutis,
349 1188 429 1261 quim
440 1187 501 1260 jure
515 1204 614 1242 causae.
653 1183 759 1257 Itaque,
783 1195 814 1241 ut
833 1185 925 1241 caedes
937 1187 1083 1244 manifesta
1096 1188 1144 1245 ali·

221 1287 274 1341 quo
284 1277 378 1324 tamen
391 1263 500 1338 piaculo
515 1263 646 1331 lueretur,
671 1262 832 1336 imperatum
846 1262 925 1336 patri,
946 1273 976 1320 ut
998 1263 1084 1320 filium
1097 1283 1145 1321 ex·

221 1344 308 1418 piaret
330 1341 449 1414 pecunia
472 1340 589 1413 publici.
640 1338 678 1404 Is,
703 1339 865 1413 quibusdam
891 1339 1076 1414 piacularibus
1102 1359 1145 1398 sa-

220 1418 333 1478 orificiis
347 1417 435 1488 factis,
448 1435 508 1491 quae
522 1416 621 1473 deinde
634 1416 709 1491 genti
723 1416 845 1472 Horatiae
860 1417 959 1473 tradita
972 1427 1043 1488 sunt,
1058 1429 1144 1476 trans·

221 1498 304 1554 misso
317 1514 365 1568 per
389 1494 459 1550 viam
480 1493 575 1567 tigillo,
600 1493 689 1567 capite
712 1493 859 1566 adoperto,
874 1493 949 1550 velut
974 1494 1026 1550 sub
1046 1496 1145 1570 jugum

189 1591 212 1632 15
221 1574 294 1630 misit
303 1573 441 1646 juvenem.
481 1571 514 1626 Id
529 1571 610 1626 hodie
631 1588 737 1644 quoque
756 1570 866 1644 publice
890 1589 997 1644 semper
1011 1571 1144 1629 refectum

220 1660 320 1708 manet.
369 1648 507 1705 Sororium
530 1649 649 1721 tigillum
671 1657 778 1703 vocant.
831 1647 954 1706 Horatie
977 1649 1144 1723 sepulcrum,

219 1747 272 1803 quo
285 1729 345 1792 loco
358 1736 498 1783 corruerat
509 1725 575 1793 icta,
583 1734 777 1788 ,constructum
789 1737 830 1781 est
843 1743 909 1782 saxo
922 1727 1061 1800 quadrato.

257 1882 383 1940 XXVII.
415 1881 478 1939 Nec
501 1879 549 1937 diu
572 1899 625 1956 pax
647 1880 757 1937 Albana
779 1883 887 1938 mansit.
927 1882 1036 1942 Invidia
1058 1883 1143 1960 vulgi,

219 1960 292 2035 qudd
305 1961 391 2017 tribus
401 1959 532 2016 militibus
546 1958 652 2015 fortune
662 1958 773 2032 publice
783 1959 929 2028 commissa
940 1959 1029 2029 fuerit,
1041 1980 1143 2019 vanum

187 2037 362 2112 eoingenium
385 2036 523 2092 dictatoris
549 2035 688 2109 corrupit,
720 2045 757 2102 et,
778 2037 907 2108 quoniam
930 2048 1005 2094 recta
1027 2033 1144 2096 consilia

221 2113 294 2170 haud
305 2111 375 2167 bene
388 2121 544 2181 evenerant,
558 2112 646 2198 pravis
659 2112 838 2169 reconciliare
851 2114 1023 2188 popularium
1036 2116 1142 2174 animos

220 2189 312 2264 coepit.
352 2187 449 2262 Igitur,
464 2197 493 2242 ut
505 2186 580 2260 pride
603 2189 632 2244 in
655 2188 726 2245 bello
738 2207 845 2262 paoem,
859 2190 901 2246 sic
914 2191 943 2246 in
955 2211 1024 2266 pace
1039 2193 1140 2251 bellum

219 2285 353 2340 querens,
366 2263 431 2338 quia
443 2281 499 2320 suae
514 2261 616 2319 civitati
630 2263 781 2320 animorum
804 2265 865 2338 plus
877 2266 958 2339 quim
971 2268 1069 2326 virium
1083 2288 1142 2326 eer-

218 2344 301 2400 nebat
314 2361 385 2413 esse,
399 2341 434 2397 ed
447 2339 549 2396 bellum
561 2338 652 2414 palem
666 2350 746 2414 atque
759 2359 795 2398 ex
806 2341 897 2398 edicto
909 2344 1061 2416 gerendum
1075 2345 1143 2404 alios

185 2417 480 2493 seconcitatpopulos3
508 2417 565 2474 suis
587 2436 635 2491 per
655 2417 776 2498 speciem
797 2417 935 2476 societatis
957 2421 1141 2494 proditionem
1173 2466 1178 2475 .

218 2505 346 2554 reservat.
393 2494 552 2560 Fidenates,
575 2494 684 2556 colonia
704 2495 842 2569 Romana,
869 2495 1032 2571 Veientibus
1058 2499 1141 2558 sociis

219 2574 325 2642 consilii
340 2571 493 2646 assumptio,
507 2581 587 2646 pacto
599 2571 768 2630 transitionis
788 2570 959 2632 Albanorum
982 2576 1016 2632 ad
1038 2577 1140 2640 bellum

218 2661 298 2725 atque
319 2669 393 2706 arma
414 2649 571 2706 incitantur.
610 2649 708 2709 Quum
730 2649 846 2708 Fidenae
869 2653 960 2725 aperte
978 2653 1139 2723 descissent,

218 2727 327 2794 Tullus,
342 2728 429 2784 Metto
442 2727 618 2800 exercituque
632 2726 691 2801 ejus
714 2727 749 2782 ab
770 2729 842 2784 Alba
856 2730 953 2797 accito,
968 2741 1064 2788 eontra
1077 2733 1139 2792 hos·

185 2815 259 2864 actes
282 2804 374 2860 ducit:
406 2804 453 2860 ubi
477 2803 615 2860 Anienem
638 2804 752 2874 transiit,
777 2805 811 2861 ad
834 2805 1004 2863 confluentes
1021 2808 1140 2868 collocat

218 2893 314 2938 castra.
354 2881 429 2937 Inter
442 2899 506 2936 eum
518 2880 608 2937 loc-um
622 2892 650 2936 et
669 2881 799 2948 Fidenas,
820 2881 980 2957 Vejentium
1002 2884 1139 2946 exercitus

127 3025 131 3034 ,
217 2957 343 3017 Tiberim
356 2957 507 3014 transierat.
546 2957 585 3013 Hi
608 2967 636 3014 et
659 2957 687 3014 in
711 2959 770 3014 acie
793 2978 875 3035 prope
899 2959 1001 3017 flumen
1024 2963 1139 3020 tenuere

216 3035 342 3093 dextrum
355 3054 459 3091 cornu:
486 3035 514 3091 in
539 3035 648 3092 sinistro
670 3035 819 3092 Fidenates
831 3033 940 3110 propiis
953 3048 1060 3108 montes
1073 3057 1139 3112 cou-

217 3113 324 3169 sistunt.
363 3111 463 3168 Tullus
485 3113 614 3170 adversus
634 3112 779 3186 Veientem
793 3114 909 3170 bostem
934 3112 1026 3188 dirigit
1051 3135 1137 3174 suos:

184 3209 208 3250 tt
218 3189 339 3246 Albanos
352 3201 447 3248 contra
460 3190 595 3264 legionem
607 3189 781 3248 Fidenatium
795 3185 918 3247 collocat.
958 3192 1068 3251 Albano
1080 3214 1138 3254 non

216 3266 277 3342 plus
290 3267 374 3324 animi
388 3277 455 3333 erat,
469 3267 550 3341 quim
563 3266 646 3324 fidei:
666 3285 729 3322 -nec
742 3285 853 3326 manere
867 3285 941 3342 ergo,
954 3287 1008 3326 nec
1021 3271 1137 3328 transire

217 3343 413 3418 apertionem,
436 3344 538 3400 sensim
562 3343 595 3398 ad
618 3354 724 3399 montes
737 3343 870 3400 succedit.
909 3344 990 3419 Inde,
1010 3347 1057 3404 ubi
1071 3347 1137 3404 satis

218 3421 321 3478 subisse
347 3439 408 3478 sese
432 3430 507 3477 ratus
532 3429 580 3490 est,
601 3420 681 3494 erigit
703 3430 786 3476 totam
808 3420 913 3480 aciem:
946 3421 1136 3498 fluctuansque

218 3497 317 3562 animo,
331 3509 361 3554 ut
375 3507 474 3556 tereret
487 3509 602 3575 tempus,
616 3497 726 3554 ordines
738 3497 867 3570 explicat.
900 3499 1054 3558 Consilium
1066 3511 1134 3569 crat,

183 3575 271 3646 toqui
284 3573 391 3632 fortuna
404 3593 462 3630 rem
475 3575 561 3641 daret,
584 3575 618 3630 ed
635 3573 768 3630 inclinare
782 3575 859 3632 vires.
899 3577 1033 3634 Miraculo
1045 3577 1134 3652 primb

217 3669 278 3711 esse
292 3651 435 3719 Romanis,
450 3651 496 3726 qui
518 3651 632 3726 proximi
655 3661 794 3722 steterant,
818 3663 847 3710 ut
868 3654 967 3710 nudari
982 3653 1074 3712 latera
1085 3673 1136 3715 sua

216 3727 353 3788 sociorum
366 3730 489 3804 digressu
502 3739 663 3788 senserunt:
693 3730 757 3786 inde
777 3747 861 3814 eques
883 3731 966 3788 citato
983 3747 1053 3811 equo
1065 3750 1135 3789 nun·
