2638 4206
406 385 526 421 ustrou:
543 387 683 422 trasonoae
698 385 921 442 otesnomonpat·
1077 365 1132 432 163
1189 423 1192 432 ,

117 502 120 513 “
176 487 179 492 ¹
206 509 232 550 sle
243 509 268 549 iis
276 509 351 550 in'uriir
360 518 492 562 quererentur,
501 513 563 562 missi,
571 513 643 561 pulsati
651 520 711 554 suntr
729 516 787 562 obiri,
795 515 868 554 bellum
877 514 901 552 iis
910 512 1050 552 indietumsrr.
1075 511 1133 551 Sam·

207 559 258 597 uites
266 559 289 597 da
321 570 384 606 erunt.
409 562 509 600 Adversus
518 574 559 610 eos,
567 569 587 600 et
596 561 685 600 Lucanos
702 569 722 602 et
733 565 826 611 llruttios,
834 569 855 602 et
864 563 964 608 Etruscos,
977 561 1051 610 aliquot
1059 561 1132 609 preliis

207 617 221 644 ι
227 608 357 656 compluribus
365 608 445 646 ducibus
453 610 503 648 bane
512 615 617 658 pugnatum
626 618 664 649 est.
682 591 773 661 ipanus,
783 612 904 660 lipirntarum
911 621 952 657 rex,
960 615 981 648 ut
989 609 1084 648 auxilium
1093 607 1133 647 ier·

207 662 237 693 ret
245 655 368 704 Tarentinis,
379 657 399 694 in
412 657 490 696 ltaliam
499 659 559 696 vonit.
584 659 652 698 Quum
665 659 686 698 in
700 661 809 708 prestetum
824 660 955 708 lllreginorum
970 657 1019 706 legio
1031 657 1133 704 Campano

175 712 177 716 ·
207 704 349 752 eumprreloeto
357 705 1045 758 Deoiolubelliomissoessot,oeeisisRheginisltlregiumooeupovit.
1073 705 1134 756 [Μ’.
1195 735 1200 750 ,

207 753 316 792 tou—471.
340 748 522 818 ursatii-7281]

492 892 586 920 introit!
599 894 660 921 urent
675 894 752 922 ΜΕΙΜΙ
766 893 850 922 num.

231 963 346 1003 Vsusruus
355 959 445 1002 Laevinus
454 965 522 1003 eonsul
531 976 599 1013 porum
608 966 698 1022 prosperi
708 967 799 1004 udversus
812 965 906 1016 Pyrrhum
918 963 1028 1014 pugnavit,
1044 963 1136 1012 eleplrorsa

207 1019 271 1052 terum
280 1013 364 1051 maximi
374 1013 467 1050 inusitate
476 1010 526 1050 isoio
535 1013 609 1051 territis
618 1014 720 1052 militibus.
746 1014 792 1052 l’ost
804 1015 823 1052 id
837 1013 931 1062 proeliurn,
941 1023 1000 1062 quum
1008 1023 1087 1060 corpore
1095 1011 1135 1050 Ro·

207 1061 356 1109 moneremque
365 1061 384 1098 in
393 1061 435 1098 acie
444 1061 563 1104 oeciderunt,
574 1062 656 1110 Pyrrhus
672 1063 781 1110 inspiceret,
795 1063 860 1100 omnin
869 1073 925 1099 versa
936 1061 955 1099 in
964 1062 1038 1098 hostem
1048 1060 1135 1110 invenit}

208 1109 392 1158 populabundusque
401 1110 425 1146 od
434 1110 501 1147 urbem
510 1109 592 1147 Romam
600 1111 700 1157 prooessit.
726 1112 750 1148 O.
760 1110 869 1158 Fabricius,
876 1111 946 1148 missus
954 1110 978 1147 orl
985 1121 1028 1147 euni
1038 1120 1050 1146 a
1058 1114 1134 1158 senatu,

208 1165 232 1196 ut
239 1159 263 1196 de
273 1157 388 1196 redimendis
396 1158 479 1204 onptivis
488 1163 562 1206 ageret,
575 1158 654 1206 trustra,
669 1164 691 1196 ut
704 1159 789 1207 putrium
803 1160 907 1206 desereret,
922 1169 934 1196 n
948 1169 991 1206 rege
1000 1163 1087 1195 tentatus
1096 1163 1134 1195 est.

208 1206 287 1253 captivi
296 1205 336 1244 sine
347 1205 408 1253 pretio
416 1205 492 1244 remissi
501 1212 555 1244 sunt.
579 1206 658 1253 uineas,
667 1207 763 1255 legutusa
773 1208 844 1256 Pyrrho
853 1208 878 1244 ud
886 1212 975 1244 senatum
982 1205 1060 1253 missus,
1068 1205 1135 1253 petiit,

209 1259 232 1292 ut
240 1255 375 1301 componendo
383 1254 437 1302 pseis
444 1255 505 1292 seusu
513 1265 545 1291 rex
555 1254 573 1291 in
581 1255 648 1292 urbem
663 1256 794 1303 reciperetur:
810 1256 834 1293 de
844 1257 882 1304 qut
891 1267 910 1292 ro
919 1266 977 1303 quum
986 1254 1010 1291 arl
1019 1253 1136 1302 frequentio·

209 1313 250 1340 rom
259 1308 347 1340 serreturn
361 1301 427 1339 ret'erri
442 1301 557 1360 placuisset,
571 1303 609 1349 Ap.
618 1303 720 1351 Claudius,
737 1304 777 1352 qui,
791 1310 869 1352 propter
882 1302 1013 1340 valetudinem
1028 1301 1125 1340 oculorum

207 1350 283 1436 {jamdiu
292 1350 378 1390 eonultts
386 1350 469 1397 publicis
477 1361 497 1387 so
505 1351 633 1398 abstinuerat,
647 1353 700 1390 venit
710 1352 728 1389 in
737 1352 819 1399 curiam,
828 1359 849 1390 et
857 1351 955 1389 serrte'ntib
962 1351 997 1388 sut
1005 1350 1075 1398 tenuit,
1085 1354 1106 1387 ut
1115 1329 1137 1387 id

226 1399 283 1447 yrrho
291 1406 403 1446 negaretur.
426 1399 463 1436 Cn.
472 1398 577 1442 Domitius,
586 1411 654 1437 eensor
667 1401 740 1446 primus
754 1411 779 1438 ex
791 1401 854 1448 plebe,
871 1401 952 1438 lustrum
962 1397 1058 1436 condidit:
1078 1409 1136 1435 censa

209 1454 255 1485 suot
263 1447 336 1484 uirium
344 1446 410 1493 capita
418 1447 502 1484 rlrreonta
511 1447 634 1495 septungintu
642 1453 687 1486 octo
696 1449 765 1497 rnilllu,
780 1449 864 1487 dueento
873 1447 942 1496 viginti
951 1448 996 1486 duo.
1021 1446 1093 1484 lterum
1102 1445 1137 1484 ad-

209 1505 278 1534 versus
284 1494 377 1544 Pyrrhum
386 1495 446 1532 dubio
454 1501 524 1532 eventu
534 1501 638 1541 pugnntum
647 1502 684 1533 est.
709 1499 760 1534 (lum
773 1497 966 1546 cmrtnginiensibus
975 1495 1066 1544 quartum
1074 1494 1139 1531 fredus

209 1550 324 1582 renovatum
332 1550 370 1580 ost.
391 1543 458 1582 Quum
466 1543 704 1600 Ο.Ι·“ιιΙιιὶοίοιιοηειι1ἰἰιΞ
725 1545 744 1582 ui
766 1541 1137 1602 odeumal’yrrhotrunst'ugerat,pol-

209 1592 311 1639 lineretur,
318 1603 339 1628 se
349 1591 390 1640 regi
397 1602 494 1629 venenum
503 1591 602 1639 daturum,
611 1603 655 1629 eum
664 1591 736 1630 induero
744 1593 768 1629 od
775 1605 839 1642 regern
848 1603 939 1630 remissus
944 1601 981 1630 est.
998 1592 1036 1629 Res
1044 1597 1138 1639 pretereo

209 1647 277 1678 contro
291 1639 390 1686 Etrusoos,
405 1637 503 1686 Lucanos,
517 1638 615 1687 Bruttios,
628 1646 648 1678 et
662 1641 767 1689 Samnites,
779 1641 942 1690 prospere-gestus
954 1640 1048 1679 eontinet.
1075 1639 1106 1690 [u.
1116 1649 1141 1676 c«

209 1688 322 1730 stt-474.
348 1700 369 1726 a.
379 1687 531 1738 casu-Q]

482 1825 580 1854 Rettuli}
594 1825 656 1853 lami*
669 1827 749 1854 ”Etim
764 1827 853 1861 ouant.

234 1898 337 1937 Prnnrrus
346 1898 365 1936 in
375 1897 464 1935 Siciliam
473 1897 558 1946 traiecit.
585 1897 661 1946 Quum,
670 1897 719 1936 inter
728 1898 768 1936 ulia
784 1898 878 1956 prodigio,
893 1896 973 1936 fulmine
982 1896 1078 1946 deiectum
1087 1900 1138 1936 esset

137 1969 142 1974 ·
211 1948 231 1986 in
240 1946 400 1994 CapitulioJovis
409 1946 493 1993 signum,
502 1952 561 1992 eaput
569 1947 612 1995 ejus
625 1957 659 1993 per
673 1946 772 1993 aruspioes
785 1951 928 1984 rnvontumest.
952 1945 1024 1983 Curius
1034 1945 1140 1992 Demeter,

225 2007 270 2032 num
279 1995 375 2032 delectum
384 1994 470 2049 nemrot,
478 1994 529 2042 ojus,
537 1993 570 2040 qui
578 1994 650 2032 oitutus
659 2005 697 2031 uon
705 1995 839 2042 responderot,
847 1995 897 2031 boun
920 1993 978 2032 rimus
985 1991 1079 2030 vendidit.
1093 1992 1142 2040 Pyr*

211 2007 268 2081 ⁴risum
277 2042 346 2080 iterum
354 2053 379 2079 ex
388 2041 458 2078 snitu
466 2052 485 2078 ιιι
494 2041 574 2078 ltaliam
583 2052 681 2079 reversum
691 2041 745 2104 vicit,
755 2049 775 2081 et
785 2043 843 2082 trotio
852 2005 934 2088 expulit.
960 2039 1061 2079 l'abrlolus
1071 2047 1141 2078 censor

211 2091 234 2129 P.
243 2091 354 2130 Cornelium
363 2089 455 2128 Rufinum
463 2089 584 2126 consulerem
591 2095 660 2128 senatu
667 2089 735 2138 movit,
744 2091 792 2140 qubd
802 2091 818 2128 is
826 2090 961 2138 decempondo
968 2088 1043 2137 argenti
1051 2087 1099 2128 faeti
1106 2088 1140 2125 lia-

211 2139 274 2178 beret.
299 2139 371 2176 Lustro
384 2149 396 2176 a
409 2136 520 2175 censoribus
533 2138 619 2185 condito,
631 2150 691 2176 censu
703 2145 748 2176 sunt
760 2139 826 2186 eapite
834 2139 906 2176 civium
919 2139 1002 2176 duoentn
1015 2136 1140 2184 septuagintu

212 2199 272 2226 unum
281 2187 350 2233 millia,
359 2187 443 2224 ducenta
452 2184 521 2233 viginti
531 2193 618 2232 quatuor.
643 2188 694 2224 Cum
703 2186 813 2234 Ptolemsro,
821 2186 904 2235 AEgypti
911 2197 959 2235 rege
979 2185 1062 2223 societas
1069 2185 1140 2234 juncta

212 2242 251 2276 ost.
277 2235 368 2282 Sextilia,
376 2235 430 2282 virgo
440 2233 535 2280 Vestalis,
548 2234 641 2271 damnata
654 2234 733 2280 incesti,
746 2235 791 2272 viva
803 2235 879 2272 defosso
891 2242 928 2271 ost.
953 2213 1039 2271 dolente
1051 2233 1140 2270 deducte

211 2291 258 2323 sunt
266 2284 369 2322 Posidonia
378 2288 399 2321 et
407 2284 466 2320 cose.
491 2281 682 2330 carthaginiensium
691 2282 759 2320 plussin
767 2282 842 2320 nuxilio
850 2281 961 2320 Tarentinis
967 2281 1021 2318 venit
1029 2293 1034 2317 ι
1043 2292 1081 2338 spuo
1087 2280 1140 2317 laeto

211 2333 270 2372 abiis
280 2333 339 2370 ioedsrs
347 2331 441 2368 violetum
449 2337 489 2368 est.
514 2330 551 2367 iles
558 2336 651 2376 preterea
660 2337 728 2368 eontra
736 2330 835 2377 Lueunos,
849 2330 953 2377 Samnites,
966 2334 986 2366 et
995 2327 1089 2374 Bruttros,
1099 2327 1143 2366 felt-

211 2381 262 2422 oiter
270 2387 342 2431 gestas,
351 2385 372 2418 et
380 2379 449 2428 Pyrrhi
457 2378 508 2428 regis
516 2384 598 2416 mortem
607 2378 701 2417 eontinet.
727 2377 758 2428 [υ.
768 2389 788 2416 o.
797 2379 909 2416 tit-seu.
935 2387 984 2416 seo.
992 2375 1115 2426 uti-272]

497 2497 593 2527 errrous
607 2499 667 2526 nraar
682 2499 762 2528 oncrur
777 2479 862 2544 obruar.

237 2575 312 2613 Vrorrs
321 2573 433 2612 Tarentinis
442 2583 480 2620 pox
489 2571 596 2610 etlibortss
605 2571 652 2610 duta
662 2579 700 2612 est.
725 2572 903 2621 legiocumpana,
918 2581 960 2620 quse
972 2569 1068 2619 lllregium
1083 2580 1140 2608 oceo·

213 2629 299 2673 paveret,
308 2624 397 2670 obsessa,
405 2621 505 2659 deditione
512 2620 571 2668 lectt,
580 2620 644 2658 soouri
650 2631 741 2668 pereussa
747 2626 784 2658 est.
797 2620 864 2660 Quum
870 2620 944 2658 levatos
954 2618 1107 2667 Apolloniatium
1115 2617 1145 2656 ad¹

212 2678 301 2711 senatum
310 2671 467 2719 missosquidam
476 2669 555 2707 'urenos
568 2669 686 2716 pulsassent,
701 2669 761 2707 dediti
777 2676 822 2707 sunt
837 2651 1002 2716 Apolloniatibus.
1028 2666 1145 2704 Picentibus*

212 2721 270 2758 vietis
278 2731 316 2767 pax
325 2720 371 2756 date
377 2725 414 2756 ost.
440 2681 526 2755 unionis
534 2718 628 2765 deductas,
642 2717 752 2755 Ariminum
761 2717 781 2755 in
791 2717 869 2764 l'ieeno,
879 2717 1009 2754 Beneventum
1020 2715 1040 2752 ln
1053 2714 1140 2752 Samnio.

214 2769 272 2806 'l'une
281 2767 363 2815 primurn
372 2766 454 2814 populus
462 2766 563 2804 Romanus
572 2771 653 2816 argento
661 2764 691 2804 uti
700 2765 765 2813 eupit.
790 2765 858 2803 Umbri
867 2771 888 2803 ot
894 2764 998 2802 Sallentini
1007 2763 1055 2799 vieti
1062 2762 1081 2800 in
1088 2762 1142 2799 dedi-

214 2817 288 2854 tionem
297 2815 374 2861 aeespti
388 2821 441 2851 sunt.
466 2813 591 2853 Quustorurn
607 2825 699 2853 numerus
714 2814 819 2863 ampliatus
835 2819 873 2862 est,
891 2818 913 2851 ut
927 2818 992 2850 essent
1005 2815 1057 2849 octo.
1083 2809 1141 2860 [ue.

214 2863 324 2902 tul-eeu.
350 2874 371 2900 s.
381 2862 529 2912 eall-tion]
1059 2877 1061 2888 ι

500 2981 595 3010 ιιιιτοιιι
609 2983 673 3010 urens
685 2983 763 3012 uaortn
778 2984 847 3012 taxer.
1158 2949 1162 2998 7

240 3058 312 3097 Onroo
320 3053 519 3104 Carthaginiensium,
528 3059 549 3092 et
556 3054 661 3102 primordio
669 3055 721 3094 urbis
730 3065 804 3102 eorum,
813 3054 935 3100 reseruntur,
948 3055 1016 3089 oontrs
1024 3060 1071 3098 quos
1079 3054 1099 3088 et
1108 3048 1143 3088 lli·

216 3119 294 3146 eronem
303 3117 368 3154 regern
377 3105 550 3152 Syracusanorum,
562 3102 657 3142 uuxilium
666 3103 788 3142 Mamertinis
797 3103 896 3141 ferendum
905 3099 980 3138 eensrnt
988 3104 1074 3146 senatus,
1083 3109 1147 3147 quouev

216 3157 241 3196 de
248 3157 272 3194 el
280 3167 299 3193 re
308 3154 358 3192 inter
366 3153 470 3192 suadentes
479 3157 501 3189 ut
509 3150 528 3188 id
538 3151 601 3198 fieret,
609 3151 791 3200 dissuadentesque,
800 3149 899 3190 eontentio
907 3147 985 3186 luisset
1007 3146 1142 3195 Transgressis

217 3210 258 3243 turn
265 3203 350 3252 prinum
358 3213 430 3240 maroe
443 3199 516 3238 ultibus
526 3199 625 3248 llomonis,
633 3201 726 3239 ndversus
736 3199 842 3240 liieronem
847 3197 916 3245 sepius
923 3197 972 3234 bene
979 3202 1092 3245 pugnatum.
1107 3195 1144 3233 Pe-

217 3253 266 3291 tenti
275 3263 312 3299 pax
321 3251 368 3288 duta
376 3255 415 3288 est.
458 3254 531 3286 ustrum
540 3259 552 3286 a
560 3249 672 3287 censoribus
680 3249 780 3288 eonditum
787 3253 830 3286 est:
839 3257 898 3286 oense
905 3245 1028 3284 sunteivium
1036 3244 1102 3292 eapite
1109 3243 1146 3280 du-

217 3307 274 3339 eenta
283 3299 383 3356 octoginta
390 3299 428 3336 duo
436 3295 498 3335 millio
520 3298 605 3354 dueentu
616 3297 802 3354 ¹trigintaquatuor.
827 3295 853 3333 D.
862 3293 932 3352 lunius
946 3293 1018 3350 Brutus
1026 3304 1095 3331 munus
1103 3291 1145 3339 gla-

218 3349 321 3386 diatorium
334 3359 354 3386 ιιι
369 3347 460 3384 honorem
472 3323 557 3383 deiunetr
573 3353 632 3392 patris
640 3347 701 3384 edidit
713 3356 792 3393 primus.
817 3344 901 3382 Colonia
914 3342 1005 3381 AEsernra
1014 3341 1097 3379 deducta
1105 3343 1143 3376 est.

218 3396 259 3434 Res
268 3400 434 3494 ffltereffintre
443 3393 510 3432 Poenos
522 3399 543 3432 et
556 3392 656 3432 Vulsinios
664 3394 754 3442 prospere
769 3391 937 3442 gesteoooutinet.
963 3391 993 3442 [u.
1002 3401 1021 3430 o.
1029 3389 1065 3427 tut
1071 3385 1136 3454 ‘m

219 3456 267 3483 a-o.
313 3465 335 3474 -
377 3469 382 3482 .

491 3568 589 3599 ΞΡΠΟΙΙ
602 3570 663 3598 ΙιΙΙΜ
677 3569 758 3598 metiti
772 3567 866 3596 ΙΙΠΙΗΙ.

244 3643 286 3683 es.
294 3643 397 3684 Cornelius
404 3642 480 3692 consul,
488 3655 500 3681 s
508 3643 572 3681 elasso
581 3641 656 3682 Puniet
664 3643 814 3689 circumventus,
829 3645 850 3680 ot
882 3652 891 3679 r
899 3637 1051 3680 nsotsmvstut
1059 3636 1078 3675 in
1087 3636 1147 3676 oollo·

220 3693 287 3743 quium
296 3699 395 3741 ernostus,
403 3700 472 3741 eaptus
480 3698 517 3731 est.
541 3691 566 3730 0·
579 3691 656 3729 lluilius
668 3690 736 3729 oonsul
748 3690 839 3728 serenus
848 3701 858 3727 e
867 3701 929 3727 assem
941 3690 1042 3728 Faunorum
1055 3685 1151 3735 prosper&¹

220 3741 323 3791 pugnavit,
331 3741 440 3798 primusque
450 3741 536 3778 omnium
546 3740 676 3778 Romanorum
689 3740 761 3797 dueum
770 3737 844 3776 navalis
858 3738 943 3796 victorie
951 3735 1008 3775 duxit
1015 3735 1149 3792 triumplruus:

220 3791 246 3830 ob
259 3801 317 3840 quum
329 3801 409 3830 oousam
420 3801 439 3828 er
450 3793 556 3838 perpetuus
569 3789 631 3827 bonos
649 3787 728 3828 bobrtus
746 3791 784 3834 ert,
801 3793 823 3826 ut
839 3792 969 3826 revertentia
986 3784 1048 3832 aeut,
1067 3783 1148 3821 obrute
