2638 4206
544 347 648 402 LIBER
663 350 709 400 111.
726 363 786 401 car.
797 365 823 400 u.
1107 351 1146 410 95

214 488 277 566 ejus
290 489 494 549 multitudinem
508 489 620 551 sedavit.
652 493 782 551 ‘Senatus
796 511 849 550 uec
862 489 970 568 plebem
984 489 1144 550 irritandam

216 568 343 626 censuit:
364 581 392 626 et
404 569 490 626 multd
504 572 591 646 magis
604 573 813 646 providendum,
835 589 870 628 ue
887 570 952 645 quid
966 569 1086 646 Virginii
1099 571 1145 628 ad·

215 657 312 703 ventus
325 647 354 704 iu
367 649 493 705 exercitu
505 651 593 706 motds
607 649 718 707 faceret.

252 800 283 857 L.
315 801 412 878 Itaque
427 805 502 862 missi
519 805 643 882 juniores
662 805 774 863 Patrum
795 805 824 862 in
845 816 944 872 castra,
964 824 1024 880 quae
1044 805 1145 862 lumin

192 889 305 948 5moute
319 881 428 938 Vecilio
441 895 528 955 erant,
541 884 671 940 nuntiant
690 883 863 950 decemviris,
888 894 918 941 ut
940 884 1015 949 omni
1038 903 1090 958 ope
1110 879 1146 940 ab

210 958 347 1015 seditione
362 961 463 1017 milites
476 961 655 1019 contineant:
688 963 736 1019 ubi
750 962 894 1037 Virginius
907 961 1048 1037 majorem,
1062 957 1145 1035 qudrn

211 1035 359 1109 reliquerat
372 1038 401 1094 in
415 1039 499 1110 Urbe,
512 1050 616 1096 motum
630 1040 740 1097 excivit.
782 1039 866 1107 Nam,
880 1053 1058 1114 preterquam
1073 1038 1146 1114 qudd

212 1115 323 1187 agmine
344 1116 428 1192 prupd
449 1118 712 1192 quadringentorum
733 1117 876 1174 hominum
897 1119 1020 1190 renienS,
1040 1117 1086 1193 qui
1110 1115 1146 1173 ab

213 1190 287 1246 Urbe
309 1195 472 1270 indignitate
495 1197 535 1253 rei
555 1196 668 1254 accensi
688 1198 802 1254 comites
822 1197 848 1252 ci
869 1215 898 1252 se
918 1196 1060 1268 dederant,
1081 1213 1146 1252 con·

180 1301 204 1339 10
213 1281 323 1342 spectus
336 1285 397 1340 ost;
418 1273 544 1330 strictum
557 1275 639 1330 etiam
653 1275 748 1342 telum,
763 1291 958 1350 respersusque
969 1273 1026 1348 ipse
1038 1292 1144 1340 cruore,

212 1357 268 1402 tota
288 1351 316 1406 in
336 1370 365 1406 se
386 1363 476 1407 castra
496 1353 648 1408 convertit:
679 1363 705 1408 et
720 1353 800 1428 togae,
815 1352 991 1408 multifariam
1005 1352 1034 1408 in
1048 1350 1146 1408 castris

211 1425 285 1498 visae,
300 1429 410 1503 majoris
423 1427 570 1502 aliquautd,
583 1430 664 1502 quarn
678 1443 744 1501 erat,
764 1432 886 1504 speciem
900 1430 1011 1486 urbanae
1026 1429 1146 1495 multitu·

211 1502 285 1560 diuis
299 1505 430 1563 fecerant.
450 1506 659 1580 Quaerentibus,
673 1509 738 1582 quid
752 1509 791 1564 rei
806 1519 887 1574 esset,
902 1507 972 1564 flens
985 1507 1033 1564 diu
1047 1525 1143 1563 vocem

210 1597 265 1638 non
280 1585 370 1641 misit:
398 1586 520 1658 tandem,
542 1596 573 1642 ut
590 1586 646 1660 jam
661 1605 696 1642 ex
718 1584 898 1661 trepidatione
920 1585 1145 1643 concurrentium

179 1665 290 1728 15turba
310 1661 441 1730 constitit,
464 1682 497 1719 ac
522 1663 662 1721 silentium
682 1664 745 1740 suit,
769 1665 865 1730 ordine
886 1674 997 1736 cuncta,
1018 1673 1048 1720 ut
1067 1673 1146 1738 gesta

209 1754 297 1813 erant,
311 1742 444 1816 exposuit.
486 1741 606 1816 Supinas
620 1742 721 1798 deinde
735 1743 852 1799 tendens
861 1760 968 1808 manus,
983 1741 1146 1808 commilito-

210 1838 260 1875 nes
273 1819 422 1894 appellans,
435 1820 539 1890 orabat,
560 1824 577 1854 ‘⁶
587 1819 642 1887 Ne,
657 1821 729 1896 quod
751 1819 842 1878 scelus
863 1821 917 1894 Ap.
932 1819 1042 1876 Claudii
1062 1829 1144 1891 esset,

210 1897 289 1955 “sibi
303 1897 498 1968 attribuerent3
532 1917 587 1956 neu
611 1917 650 1970 se,
674 1909 705 1954 ut
722 1899 886 1974 parricidam
901 1898 1025 1968 liberdm,
1039 1915 1146 1954 aversa·

210 1971 340 2033 “rentur.
381 1975 441 2032 Sibi
454 1976 536 2032 vitam
552 1977 614 2034 filiae
628 1977 678 2032 sud
701 1977 835 2032 cariorem
858 1975 950 2042 luisse,
967 1975 990 2031 si
1003 1975 1097 2032 liberae
1111 1993 1145 2032 ac

175 2049 346 2128 20“pudicar
367 2054 458 2110 rivere
476 2051 587 2111 licitum
612 2055 715 2111 suisset.
755 2054 864 2126 Quum,
877 2054 952 2111 velut
972 2071 1088 2119 servam,
1109 2053 1145 2109 ad

210 2128 361 2206 “stuprum
383 2131 440 2205 rapi
468 2131 581 2203 videret,
606 2143 692 2188 morte
713 2133 800 2188 amitti
821 2132 919 2189 melius
939 2143 1038 2198 ratum,
1059 2131 1145 2204 qudm

209 2206 228 2240 “
238 2208 414 2273 contumelia,
428 2209 538 2276 liberos,
553 2209 741 2265 misericordia
755 2229 784 2265 se
799 2210 826 2265 in
840 2211 961 2284 speciem
975 2208 1145 2266 crudelitatis

209 2287 352 2361 “lapsum.
406 2285 469 2342 Nec
490 2305 520 2342 se
540 2287 715 2361 superstitem
743 2287 805 2342 filiae
834 2286 955 2344 futurum
976 2287 1070 2353 fuisse,
1090 2286 1145 2342 nisi

208 2365 312 2440 “spem
328 2364 495 2421 ulciscendae
510 2365 605 2422 mortis
625 2365 685 2440 ejus
709 2364 737 2420 in
752 2363 853 2420 auxilio
867 2363 1085 2438 commilitonum
1099 2363 1146 2420 ha·

176 2444 347 2505 as“l›uisset.
400 2442 460 2498 Illis
479 2461 586 2517 quoque
614 2443 689 2500 euim
716 2441 794 2512 filias
815 2461 930 2516 sorores,
959 2435 1145 2517 'conjugesque

208 2522 226 2555 “
236 2541 305 2580 esse.
345 2521 408 2578 Nec
422 2539 486 2578 curn
501 2521 557 2578 lilid
568 2522 619 2578 sua
632 2521 776 2578 libidinem
791 2522 842 2595 Ap.
854 2521 965 2578 Claudii
979 2520 1144 2578 exstinctam

208 2603 314 2656 “esser
335 2599 393 2665 sed,
409 2598 462 2674 qud
476 2599 636 2676 impunitior
649 2599 694 2666 sit,
713 2598 748 2656 ed
762 2599 963 2658 effrenatiorem
978 2599 1045 2656 iore·
1085 2599 1145 2656 Ali·

182 2699 185 2702 ·
209 2678 291 2734 “end
313 2677 470 2734 calamitate
491 2679 689 2734 documentum
714 2677 808 2734 datum
830 2677 884 2734 illis
902 2678 1033 2736 cavendae
1047 2677 1144 2734 similis

207 2759 226 2792 “
235 2756 359 2831 injuriae-
391 2755 477 2816 Quod
491 2756 525 2811 ad
539 2775 569 2812 se
583 2756 707 2822 attineat,
722 2773 835 2812 uxorem
858 2756 910 2828 sibi
932 2756 989 2813 lato
1002 2765 1143 2830 ereptam:

175 2834 329 2903 au“liliam,
343 2833 476 2906 quianon
497 2833 569 2890 ultrei
581 2835 685 2908 pudica
705 2833 811 2891 victura
834 2833 923 2903 suerit,
942 2833 1080 2899 miseram,
1094 2831 1155 2886 sod.

208 2913 388 2979 “honestam,
403 2921 517 2967 mortem
529 2911 702 2968 occubuisse.
743 2911 808 2968 Non
827 2930 887 2968 esse
906 2912 963 2986 jam
986 2907 1071 2982 Appii
1084 2907 1145 2966 libi·

207 2991 293 3048 “dini
313 2989 407 3054 locum
422 2989 450 3045 in
471 2989 553 3046 domo
572 2991 640 3046 sud:
664 2990 698 3045 ab
712 2989 768 3046 alit
786 2989 916 3046 violentia
929 2987 989 3062 ejus
999 2986 1098 3043 eodem
1113 3005 1144 3044 se

206 3069 327 3127 “animo
340 3085 421 3126 suum
443 3085 543 3141 corpus
562 3067 774 3136 vindicaturum,
795 3086 849 3142 quo
869 3064 1050 3123 vindicaverit
1070 3064 1142 3122 filiae.

205 3147 335 3210 “Caeteri
359 3146 411 3204 sibi
434 3164 468 3203 ac
488 3145 581 3204 liberis
601 3145 658 3202 suis
679 3145 883 3202 consulerent.'’
924 3141 995 3200 Haec
1016 3141 1144 3219 Virginio

173 3225 367 3286 avoetteranri
394 3224 583 3282 succlamabat
610 3221 766 3294 multitudo,
794 3241 848 3278 nec
868 3221 941 3280 illius
961 3221 1057 3293 dolori,
1087 3240 1142 3278 nec

207 3325 262 3364 suae
283 3303 402 3368 libertati
423 3321 453 3359 se
472 3301 622 3361 defuturos.
675 3301 712 3358 Et
730 3299 846 3358 immixti
861 3301 946 3357 turbae
966 3300 1084 3359 militum
1103 3313 1143 3356 to-

183 3396 186 3404 ·
206 3385 272 3462 gati,
287 3401 371 3458 quum
393 3381 492 3438 eadem
514 3381 561 3455 illa
583 3381 733 3456 querendo,
747 3378 937 3454 docendoque,
951 3377 1053 3454 quantd
1073 3376 1141 3445 visa,

203 3460 289 3536 'quam
303 3461 405 3547 audita,
420 3459 577 3534 indigniora
595 3458 737 3534 'potuerint
757 3455 853 3529 videri,
875 3458 956 3514 simul
969 3455 1142 3532 profligatam

204 3541 261 3616 jam
281 3557 339 3612 rem
353 3537 508 3606 nuntiando
528 3537 627 3595 Romae
641 3556 721 3604 csse,
755 3535 937 3611 insecutique,
958 3535 1003 3610 qui
1018 3532 1141 3608 Appium

172 3636 197 3682 ro
206 3618 290 3695 prope
304 3617 497 3691 interemptum
512 3615 540 3672 in
554 3615 681 3672 exsilium
695 3614 785 3671 abisse
799 3613 934 3682 dicerent,
952 3611 1141 3690 perpulerunt,

207 3707 238 3770 ut
251 3695 287 3752 ad
301 3712 377 3751 arma
397 3694 627 3760 conclamaretur,
652 3692 838 3767 vellerentque
861 3693 949 3770 sigua,
974 3699 1002 3746 et
1020 3689 1141 3747 Romam

205 3772 456 3869 proficiscerentur.
496 3771 665 3843 Decemviri,
680 3769 760 3827 simul
775 3769 892 3846 hisquae
907 3768 1047 3841 videbant,
1060 3765 1141 3828 simul
