2622 4194
148 336 191 397 aa
351 349 354 354 =
536 329 603 383 nu
619 309 749 382 arun

153 475 225 539 iuter
237 495 267 536 se
277 471 413 554 jungebat
425 472 540 532 aniuros
580 473 614 533 Id
627 471 709 532 modb
721 491 777 532 non
785 471 986 545 conveniebam
1008 472 1117 558 quide,-

152 565 265 618 amatus
279 554 461 628 consulesque
483 572 618 628 nusquam
640 551 706 609 alibi
726 569 812 628 spem,
835 552 917 626 quam
941 551 969 610 in
991 553 1110 630 armis,}‚

150 635 292 708 ponebant
304 653 310 690 z
337 626 431 708 plebes
443 631 545 703 omnia,
556 637 637 706 qndm
651 630 763 698 bellum,
778 629 907 688 malebat.
945 629 993 706 Sp.
1006 631 1034 690 N
1037 651 1083 689 au·
1096 647 1117 734 ἒ

151 710 207 777 tius
224 711 282 788 jam
295 720 324 769 et
347 712 412 767 Sex.
425 709 527 766 Furius
547 709 676 768 consules
695 718 783 766 erant.
822 707 888 780 Eos,
906 711 1088 768 recensentes

151 788 178 845 le
199 789 287 858 iones,
297 788 425 865 presidia
437 806 485 863 per
498 807 591 848 muros
614 787 731 862 aliaque,
748 787 777 845 in
790 786 1033 862 quibus-stationes
1046 788 1084 845 vi·
1098 785 1112 829 Ρ

83 929 86 936 .
151 808 286 944 grfiasque
299 886 361 926 esse
374 867 522 942 placuerat,
537 865 599 924 loca
611 865 819 936 distribuentes,
829 863 975 922 multitudo
985 866 1084 941 ingens
1098 849 1113 892 Ρ

151 963 251 1020 pacem
275 945 448 1022 poscentium
474 943 592 1019 primum
618 943 747 1001 seditioso
773 943 892 1000 clamore
914 945 1063 1001 conterruit
1077 910 1120 1018 2}
1191 948 1194 958 ¹

152 1023 254 1098 deinde
268 1043 366 1083 vocare
384 1033 520 1095 senatum,
542 1021 644 1079 referre
665 1023 700 1078 de
722 1021 820 1096 legatis
841 1021 877 1077 ad
898 1020 932 1078 C.
947 1021 1091 1080 Marcium,

152 1099 295 1160 mittendis
309 1102 410 1177 coegit.
451 1103 631 1175 Acceperunt
650 1099 811 1158 relationem
825 1099 928 1170 Patres,
943 1111 1092 1174 postquam,

153 1180 287 1254 apparuit,
300 1180 394 1238 labare
407 1179 495 1253 piebis
509 1179 631 1249 animos3
668 1177 798 1252 missique
819 1175 853 1234 de
873 1197 943 1252 pace
964 1179 998 1234 ad
1014 1179 1121 1234 Mar-lo

153 1257 228 1316 cium
241 1267 362 1318 oratores
376 1267 453 1314 atrox
467 1276 630 1332 responsum
638 1255 807 1313 retulerunt:
833 1257 851 1290 “
863 1256 893 1312 Si
902 1255 1011 1312 Volscis
1022 1275 1087 1332 ager

152 1336 172 1370 “
180 1337 351 1404 redderetur,
365 1355 445 1410 posse
459 1336 506 1410 agi
518 1335 553 1391 de
566 1355 652 1410 pace:
686 1335 709 1391 si
731 1335 825 1408 praedd
845 1333 912 1390 belli
931 1353 979 1408 per
1000 1333 1086 1391 otium
1120 1337 1122 1340 ’

153 1415 172 1449 “
181 1415 234 1472 frui
258 1415 353 1482 velint,
375 1431 525 1470 memorem
547 1433 576 1470 se
599 1424 627 1470 et
648 1413 750 1469 civium
771 1413 888 1487 injuria,
902 1423 930 1468 et
950 1413 1092 1488 hospitum

153 1493 172 1529 “
183 1493 323 1564 beneficii,
334 1491 504 1563 adnisurum,
518 1502 548 1548 ut
561 1503 699 1566 appareat,
713 1490 810 1547 exsilio
824 1490 878 1546 sibi
890 1489 1017 1557 irritatos,
1031 1510 1089 1548 uon

154 1572 309 1638 “fractos‚‘
322 1570 429 1628 animos
454 1571 543 1626 esse.''
582 1570 689 1626 Iterum
713 1568 815 1624 deinde
836 1567 921 1625 iidem
943 1568 1018 1624 missi
1032 1583 1121 1626 nonus

154 1651 326 1724 recipiuntur
350 1649 379 1706 in
400 1659 499 1704 castra„
540 1649 705 1704 Sacerdotes
724 1665 842 1720 quoque,
856 1645 913 1702 suis
933 1637 1088 1720 insignibus
1121 1699 1123 1706 .

154 1728 269 1800 velatos,
280 1726 335 1782 isse
349 1725 488 1800 supplices
501 1727 535 1782 ad
549 1736 639 1782 eastra
653 1725 784 1795 hostium,
793 1723 926 1792 traditum
938 1735 982 1780 est
990 1743 1002 1794 ;v
1018 1724 1089 1781 nihi·

92 1859 95 1880 ,
154 1805 182 1894 lo
194 1805 283 1884 magis
296 1801 381 1879 qudm
392 1802 497 1880 legatos
510 1803 619 1860 flexisse
633 1803 769 1860 animum.

194 1963 258 2038 Xh
278 1961 355 2020 Tum
369 1973 500 2020 matronae
513 1964 548 2020 ad
561 1963 716 2034 Veturiam,
739 1971 855 2020 matrem
869 1961 1020 2035 Coriolani,
1033 1961 1090 2021 Vo-

155 2043 343 2115 lumniamque
357 2059 480 2108 uxorem,
495 2041 651 2116 frequentes
671 2045 790 2098 coeunt:
820 2041 848 2098 id
869 2041 1012 2115 publicum
1025 2057 1123 2098 con-ao

156 2121 259 2190 silium,
272 2139 307 2176 an
321 2119 463 2175 muliebris
477 2119 557 2177 timor
571 2119 661 2187 suerit,
675 2138 772 2194 parum
783 2119 902 2176 invenio.
943 2117 1090 2176 Pervicdre

156 2199 241 2269 certe,
255 2207 286 2255 ut
299 2207 327 2254 et
339 2197 465 2264 Veturia,
480 2195 580 2273 magrio
598 2208 665 2254 natu
678 2198 787 2266 mulier,¹
802 2208 830 2254 et
848 2196 1007 2264 Volumnia,
1022 2197 1092 2258 duos

155 2294 253 2354 parvos
279 2279 314 2332 ex'
333 2274 442 2332 Marcio
461 2276 552 2346 ferens
577 2275 655 2345 lilios,
682 2294 777 2332 secum
805 2275 834 2332 in
861 2287 951 2332 castra
970 2275 1090 2332 hostium

156 2357 245 2424 irent3
279 2365 412 2428 et,quam
432 2355 515 2412 armis
535 2355 589 2411 viri.
605 2354 755 2411 defendere
775 2353 875 2410 urbem.
893 2373 948 2411 non
968 2364 1090 2428 possent,
1140 2356 1150 2400 ³-

155 2433 287 2490 mulieres
299 2433 428 2507 precibus
441 2433 624 2507 lacrymisque
647 2431 838 2488 defenderent.
878 2431 933 2488 Ubi
947 2433 982 2488 ad
1002 2442 1124 2489 castrans

157 2519 336 2576 ventumst,
357 2510 568 2584 nuntiatumque
582 2508 738 2576 Coriolano,
760 2511 856 2566 adesse
877 2510 976 2586 ingens
996 2510 1092 2567 mulie·
1144 2543 1154 2580 ς,

106 2614 108 2620 ·
158 2607 221 2645 rum
235 2605 345 2662 agmen,
359 2587 388 2642 in
402 2588 490 2663 primo
504 2587 604 2665 (utqui
618 2606 673 2645 nec
695 2587 808 2663 publicis
820 2588 963 2663 majestate
978 2589 1006 2644 iu
1019 2589 1093 2664 lega·

157 2666 202 2736 tis,
215 2684 269 2722 nec
283 2666 312 2722 in
326 2665 514 2722 sacerdotibus
527 2666 603 2722 tanti
616 2667 706 2723 offusd
719 2666 807 2723 oeulis
825 2667 970 2742 animoque
984 2665 1092 2742 religio—

156 2757 194 2802 ne
208 2755 297 2818 motus
310 2745 396 2822 esset)
411 2743 498 2802 multb
511 2744 672 2801 obstinatior
695 2743 826 2801 adversus
848 2745 984 2819 lacrymas
997 2745 1093 2802 mulie·

157 2822 222 2880 bres
235 2833 301 2880 erat.
341 2821 416 2879 Dein
429 2823 605 2880 familiarium
627 2822 750 2897 quidam,
772 2823 821 2898 qui
840 2821 978 2898 insignem
991 2823 1130 2880 mesti-ae

157 2901 196 2958 tit
210 2900 281 2958 inter
295 2912 411 2958 caeteras
424 2911 590 2976 cognoverat
602 2900 756 2971 Veturiam,
770 2901 954 2959 internorum
968 2911 1093 2976 nepotes-

158 2997 213 3054 que
227 2989 355 3048 stautem,
376 2979 468 3036 “Nisi
481 2997 525 3035 me
540 2978 732 3047 frustrantur‚”
754 2979 850 3052 inquit,
871 2981 891 3013 “
901 2979 984 3049 oculi,
1005 2990 1092 3036 mater

159 3055 238 3113 “tibi
258 3057 413 3133 conjuxque
433 3068 461 3114 et
480 3057 560 3114 liberi
580 3055 712 3114 adsunt.’⁷
758 3057 931 3124 Coriolanus,
956 3055 1040 3132 prope
1061 3066 1093 3113 ut

160 3153 257 3192 amens
270 3146 472 3203 consternatae,
488 3137 522 3191 ab
543 3137 608 3192 seda
628 3136 677 3192 sud
697 3155 783 3210 quum·
802 3136 886 3192 ferret
904 3134 985 3192 matri
1004 3133 1098 3191 obvia.

160 3214 346 3290 complexum,
361 3215 459 3271 mulier
472 3213 501 3270 in
515 3213 584 3271 iram
597 3233 632 3270 ex
645 3213 774 3288 precibus
787 3215 903 3286 versa,“
915 3213 992 3281 Sine,
1006 3212 1127 3289 prius-as

161 3296 180 3331 ‘4
190 3311 274 3368 quam
287 3293 460 3368 complexum
475 3291 594 3367 accipio,
604 3291 719 3363 sciam,”
734 3291 831 3367 iuquit,
850 3295 869 3330 “
881 3291 919 3351 ad
926 3293 1042 3362 hostem,
1056 3309 1093 3350 an
1131 3349 1137 3360 ,

160 3371 226 3428 “ad
239 3370 335 3440 filium,
349 3371 488 3427 venerim:
518 3371 626 3445 captiva
638 3380 773 3428 mater-ne
794 3370 826 3428 in
842 3371 938 3428 castris
951 3370 1005 3427 tuis
1017 3370 1093 3426 siml
1134 3375 1150 3401 '-

161 3452 181 3485 “
190 3441 225 3506 In
239 3447 293 3506 hoc
306 3466 350 3504 me
361 3447 445 3524 longa
463 3448 519 3506 vita
538 3459 566 3504 et
579 3447 675 3506 infelix
695 3460 810 3512 senecta
820 3449 911 3516 traxit,
926 3459 958 3505 ut
969 3443 1095 3506 exsulem

162 3533 223 3595 “te‚
244 3527 346 3584 deinde
366 3527 474 3585 hostem
494 3527 639 3583 viderem‘l
677 3527 792 3584 Potuisti
812 3527 937 3604 populari
956 3528 1029 3586 hane
1042 3538 1095 3586 ter·

163 3606 259 3670 “raim
273 3623 333 3678 quae
353 3615 380 3660 te
401 3604 498 3680 genuit
521 3615 601 3678 atque
622 3605 712 3663 aluitl
749 3605 818 3664 Non
835 3606 899 3678 tibi,
917 3605 1041 3681 quamvis
1053 3605 1133 3672 insen
1199 3613 1201 3620 ‘

163 3684 182 3718 “
192 3678 261 3737 festo
274 3683 366 3740 animo
379 3693 407 3738 et
421 3682 524 3740 minaci
536 3701 711 3756 perveneras,
721 3684 890 3762 ingredienti
897 3685 966 3743 fines
975 3685 1015 3742 ira
1022 3683 1095 3742 oeci·
1128 3741 1131 3749 ,

163 3755 232 3816 “dit
243 3759 254 3814 l
266 3777 341 3848 ¹non,
355 3778 439 3835 quum
453 3760 482 3817 in
496 3771 647 3844 conspectu
660 3763 753 3822 Rorrm
766 3763 826 3832 fuit,
839 3763 986 3834 succurrit·¹
998 3765 1008 3849 ⁰.
1018 3762 1100 3821 Intra
1130 3771 1132 3776 '
