2620 4200
188 309 261 376 aot*
580 311 745 364 rrrruvu

189 455 343 533 “ignorare
362 456 458 532 patiar.
498 454 591 530 Atque
603 454 709 514 utinam
723 454 794 525 haro,
814 471 875 528 quae
896 453 969 530 apud
983 471 1031 512 vos
1043 462 1122 514 aetu-

184 535 208 602 ,“
216 554 262 592 rus
275 553 346 606 sum,
359 533 473 592 Canusii
487 533 559 610 apud
572 533 662 607 ipsum
683 531 837 590 exercitum
851 551 972 608 agerem,
985 531 1120 608 optimum

188 615 207 648 “
216 622 314 670 testem
327 611 443 688 ignavia
464 612 597 687 cujusque
617 622 646 668 et
665 610 789 668 virtutis:
816 621 864 667 aut
876 629 947 669 unus
961 609 1008 668 hio
1021 611 1120 672 saltem

186 689 324 746 “adesset
337 689 369 747 P.
381 690 570 767 Sempronius,
583 708 664 764 quem
685 689 709 746 si
732 687 777 745 isti
800 689 899 746 ducem
913 687 1002 746 secuti
1016 700 1118 756 essent,

186 771 205 804 “
214 767 314 825 milites
328 768 410 826 hodie
424 768 561 826 incastris
573 766 894 842 Romanis,non.captivi
906 765 1062 824 inhoatium
1072 786 1120 842 po-
1140 787 1154 826 ⁵

186 847 428 904 “testateessentl
444 847 499 904 Sed
506 865 600 920 quum,
610 844 688 904 fessis
695 845 845 920 pugnando
854 843 986 912 hostibus,
996 855 1055 912 tum
1064 845 1120 904 vio·

132 975 134 980 .
186 929 205 961 “
214 923 283 981 toria
296 925 376 996 laetis,
390 934 418 982 et
431 924 496 1001 ipsis
506 923 643 1000 plerisque
651 923 782 998 regressis
790 923 819 980 in
831 935 923 982 castra
933 942 992 989 sua,
1006 934 1119 981 noctem

185 1002 248 1058 “ad
262 1003 462 1077 erumpendum
476 1003 591 1059 liberam
606 1001 775 1074 habuissent,
792 1013 820 1057 et
833 1009 939 1076 septem
952 1011 1119 1059 armatorum

186 1086 204 1119 “
213 1079 356 1137 homiuum
368 1081 453 1137 millia
465 1097 640 1156 perrumpere
663 1079 746 1136 etiam
760 1079 897 1136 soulertos
911 1079 1002 1140 hostes
1016 1079 1120 1156 potuis·

187 1165 205 1198 “
213 1169 294 1226 sent;
315 1178 404 1233 neque
415 1178 464 1233 per
477 1178 507 1214 se
520 1157 572 1233 ipsi
586 1157 614 1214 id
628 1157 720 1214 lacere
734 1157 826 1214 eonati
840 1168 913 1224 sunt,
929 1176 1020 1231 neque
1033 1157 1119 1215 alium
1130 1177 1152 1216 ro

185 1243 204 1276 “
213 1235 290 1310 sequi
302 1237 454 1294 voluerunt.
475 1236 567 1295 Nocte
575 1236 657 1310 prope
666 1235 723 1292 tota
731 1235 761 1292 P.
772 1235 951 1311 Sempronius
959 1235 1119 1294 Tuditanus

185 1321 270 1372 “non
285 1315 389 1372 destitit
402 1334 525 1386 monere,
538 1313 676 1371 adhortari
700 1333 757 1386 eos,
780 1314 845 1371 dum
859 1314 983 1388 paucitas
997 1314 1119 1372 hostium

185 1387 288 1449 “eirea
301 1404 399 1460 castra,
414 1393 480 1452 dum
500 1393 579 1468 quies
602 1411 635 1448 aa
655 1391 796 1449 silentium
819 1403 901 1458 esset,
925 1391 992 1449 dum
1010 1411 1064 1450 nox
1077 1393 1119 1450 in·

185 1466 204 1503 “
214 1481 324 1546 ceptum
338 1483 453 1548 tegeret,
467 1490 497 1527 se
510 1473 610 1528 duoem
631 1481 826 1544 sequerentur:
861 1480 924 1527 ante
944 1469 1036 1528 lucem
1056 1490 1118 1546 per-

186 1546 307 1606 “venire
320 1550 349 1606 in
363 1561 422 1608 tuta
434 1549 505 1622 loca,
526 1549 555 1606 in
576 1549 713 1606 sociorum
727 1549 817 1616 urbes,
832 1567 921 1622 posse.
961 1549 1042 1606 Siout
1054 1568 1116 1607 avo·
1127 1568 1151 1607 15

185 1625 274 1684 “rum
297 1629 429 1686 memorial
449 1628 480 1685 P.
505 1627 619 1694 Decius,
647 1626 773 1683 tribunus
796 1626 914 1682 militum
933 1626 963 1683 in
985 1627 1116 1697 Samni03

184 1703 293 1776 “siout,
308 1706 387 1762 nobis
404 1705 633 1774 adolescentibus,
658 1705 746 1778 priore
767 1703 876 1762 Punico
899 1704 980 1778 bello,
1001 1705 1118 1780 Calpur-

184 1781 274 1838 “nius
288 1783 413 1840 Flamma
426 1783 557 1840 trecentis
572 1781 740 1854 voluntariis,
761 1801 847 1856 quum
861 1783 895 1838 ad
919 1782 1055 1844 tumulum
1069 1803 1117 1842 eos

184 1859 386 1934 “capiendum
414 1861 495 1918 situm
523 1862 593 1917 inter
621 1860 727 1918 medios
755 1860 856 1927 hastae,
887 1860 1009 1932 duceret,
1038 1862 1115 1934 dixit,

183 1939 202 1975 “
211 1939 219 1970 ‘
228 1937 388 2009 Moriamur‚
402 1938 512 2010 militae,
526 1948 554 1996 et
567 1948 653 1996 morte
676 1941 769 1995 nostri
786 1937 935 2014 eripiamus
948 1958 983 1996 ex
997 1939 1149 1999 obsidio-m

182 2018 219 2054 “‘
228 2035 263 2074 ne
277 2017 480 2074 circumventas
502 2017 626 2092 legiones
636 2016 662 2085 ς’
691 2015 713 2072 si
735 2017 788 2073 hoo
803 2016 832 2073 P.
848 2009 1028 2092 Sempronius
1041 2019 1117 2076 dice·

183 2098 268 2164 “ret;
289 2113 342 2152 neo
356 2095 427 2154 viros
439 2095 558 2170 quidem,
573 2113 626 2152 neo
640 2094 785 2152 Romanos
798 2114 845 2151 vos
859 2096 982 2163 duceret,
996 2097 1020 2152 si
1034 2115 1115 2156 nemo

183 2177 293 2232 “tante
317 2173 423 2230 virtutis
445 2173 594 2232 exstitisset
616 2191 719 2230 comes.
759 2173 842 2230 Viam
868 2192 923 2230 non
945 2175 979 2230 ad
999 2173 1115 2250 gloriam

182 2251 306 2328 “magia
320 2251 401 2326 quim
415 2251 451 2308 ad
473 2252 598 2324 salutem,
620 2251 754 2308 ferentem
775 2251 964 2320 demonstrat3
997 2253 1114 2310 reducas

182 2317 239 2388 “ln
252 2330 377 2405 patriam,
392 2331 427 2387 ad
440 2341 575 2406 parentes¹
590 2330 625 2386 ad
638 2330 772 2406 conjuges
793 2349 826 2386 aa
848 2329 949 2388 liberos
962 2330 1036 2388 lacit.
1076 2329 1147 2389 Utao

182 2394 201 2428 “
209 2408 366 2479 servemini,
380 2408 457 2466 deest
477 2409 553 2466 vobis
572 2408 702 2465 animusl
732 2409 808 2484 quid,
828 2408 851 2464 si
871 2409 1044 2469 moriendum
1064 2429 1113 2484 pro

182 2473 296 2560 “patria
309 2497 389 2556 esset,
404 2487 555 2544 faceretis?
594 2485 808 2562 Quinquaginta
821 2486 907 2546 millia
927 2487 1030 2544 civium
1043 2487 1113 2546 soci-

182 2551 341 2638 “oramque
355 2563 430 2621 cirea
443 2583 537 2621 roseo
551 2564 609 2638 ipso
622 2565 667 2620 die
681 2582 753 2620 oaesa
763 2564 877 2639 jacent:
897 2565 921 2622 si
935 2576 975 2624 tot
987 2565 1113 2640 exempla

181 2629 201 2664 “
210 2640 316 2699 vir-tutis
329 2659 385 2698 non
406 2652 525 2713 movent,
539 2641 609 2698 nihil
623 2660 743 2716 unquam
767 2643 904 2701 movebit:
933 2643 958 2702 si
971 2654 1047 2701 tanta
1056 2642 1112 2701 ola·

181 2709 258 2776 “des
271 2719 353 2776 vilem
367 2719 449 2776 vitam
462 2739 518 2776 non
539 2718 614 2791 fecit,
635 2719 712 2777 nulla
730 2719 820 2784 faciet.
861 2721 955 2780 Liberi
975 2733 1055 2796 atqua
1070 2721 1144 2792 itt-ao

181 2789 331 2856 “columes
344 2797 498 2856 desiderate
511 2798 627 2873 patriam
641 2817 647 2854 :
668 2798 752 2855 immo
766 2797 930 2868 desiderate,
945 2801 1011 2857 dum
1025 2799 1113 2875 patria

181 2869 199 2903 “
207 2887 257 2948 est,
272 2877 338 2934 dum
352 2876 427 2934 aives
440 2877 500 2952 ejus
513 2877 579 2934 estis
591 2896 597 2933 :
617 2875 678 2934 sard
691 2895 768 2934 nuno
788 2877 960 2944 desideratis,
975 2878 1111 2936 deminuti

171 2948 469 3030 .“oapite,·abalienati
480 2955 541 3030 jure
555 2954 666 3028 civium,
685 2955 755 3012 servi
771 2954 1040 3032 Carthaginiensium
1054 2953 1111 3012 lac·

181 3026 199 3059 “
208 3032 237 3089 ti.
277 3033 369 3092 Pretio
383 3033 496 3092 redituri
509 3033 575 3092 estis
586 3030 630 3100 ed,
644 3034 718 3090 unde
732 3033 843 3108 ignavid
857 3053 890 3090 ao
903 3031 1024 3106 aequitii
1038 3031 1110 3090 nbis·

180 3103 262 3166 “tisl
302 3110 332 3170 P.
347 3103 654 3187 Sempronium,'eirem
667 3122 797 3178 vestrum,
819 3131 874 3168 nou
895 3110 1018 3180 audistis,
1033 3127 1144 3168 armato

179 3182 198 3216 “
207 3205 306 3262 capere
320 3207 353 3250 ao
366 3191 487 3267 sequias
498 3190 642 3266 jubentem
653 3209 660 3252 ;
694 3189 881 3248 Hannibalem
894 3187 955 3264 post
966 3187 1049 3263 pauld
1061 3207 1109 3246 au·

180 3262 198 3295 “
208 3265 294 3331 distis,
308 3277 398 3324 castra
415 3269 492 3343 prodi
515 3277 543 3324 et
566 3286 641 3326 arma
663 3267 734 3324 tradi
753 3268 906 3343 jubentem.
945 3265 1042 3328 Quam
1055 3284 1109 3342 ego

179 3341 345 3422 “ignaviam
358 3343 471 3404 istorum
485 3365 597 3412 accuso,
617 3364 703 3419 quum
725 3346 816 3403 scelus
836 3345 938 3420 possim
951 3346 1107 3402 aoousaret

179 3419 197 3454 “
205 3421 271 3480 Non
285 3420 360 3479 enim
373 3423 454 3480 modd
468 3424 545 3498 sequi
558 3423 722 3481 recusarunt
734 3425 805 3481 bene
819 3434 987 3490 monentem,
998 3423 1048 3480 sed
1060 3423 1109 3480 ob-

179 3499 197 3532 “
206 3501 300 3558 sistere
314 3519 346 3557 ao
360 3501 478 3559 retinere
492 3501 584 3560 conati
597 3512 670 3568 aunt,
685 3502 714 3560 ni
728 3502 829 3560 strictis
842 3502 942 3578 gladiis
956 3502 1005 3559 viri
1019 3502 1142 3560 fortis-o

168 3576 268 3642 ,“simi
281 3580 384 3636 inertes
396 3578 605 3638 submovissent
646 3580 738 3651 Prius,
760 3581 881 3655 inquam,
897 3581 927 3638 P.
943 3579 1108 3656 Sempronio

178 3654 253 3728 “per
266 3657 366 3714 civium
381 3675 490 3730 agmen,
504 3658 587 3732 quim
602 3677 651 3734 per
674 3658 803 3729 hostium,
824 3659 875 3715 fuit
895 3659 1107 3736 erumpendum.

167 3733 197 3813 .“
205 3729 266 3789 Hos
278 3734 352 3792 cives
364 3733 452 3810 patria
464 3735 622 3794 desideretl
651 3755 767 3812 quorum
780 3736 803 3794 si
816 3737 910 3795 anteri
924 3737 1028 3796 similes
1041 3736 1107 3796 luis·

174 3823 179 3832 “
209 3843 220 3876 a
