2638 4206
154 329 195 392 ω
536 327 605 380 ἨΤΙ
620 328 700 413 HVII

155 468 235 530 ‘atim
254 489 308 530 aee
329 488 381 529 nos
402 481 587 546 temperemus
606 468 805 546 imperiteque
825 469 921 528 miuus
938 469 980 531 illi
991 469 1087 532 auxilii

156 549 311 626 “egeant''
349 549 449 611 Quum
474 549 535 606 haec
557 568 592 608 ex
617 549 692 608 omui
715 560 791 624 parte
814 549 993 624 jactarentur,
1019 548 1086 608 victi
1152 587 1154 594 =

154 645 293 685 consensu
305 627 465 693 decemviri,
478 628 584 686 saturos
598 647 636 698 se,
654 627 764 701 quaudo
777 627 816 684 ita
835 626 968 693 videatur,
989 627 1019 684 in
1038 645 1087 700 po·

153 715 252 762 testate
266 705 378 764 Petrum
391 705 536 764 affirmant.
577 705 610 762 Id
623 703 704 764 modd
724 705 805 762 simul
822 714 902 762 orant
915 723 948 760 ac
962 713 1086 771 monent,

152 794 185 839 ut
197 781 264 857 ipsis
277 785 312 842 ab
325 784 428 841 invidia
441 777 662 852 caveatu13'nee
675 802 725 842 suo
738 782 874 858 sanguine
897 783 931 838 ad
952 778 1087 857 supplicia
1107 795 1120 835 ε

152 858 267 918 Petrum
280 863 390 938 plebem
403 861 596 920 assuefaciant.

117 1035 120 1040 ·
191 1014 272 1075 LIII.
294 1017 369 1076 Tum
383 1018 510 1094 Valerius
524 1017 719 1092 Horatiusque,
740 1017 824 1086 missi,
845 1016 880 1072 ad
900 1015 1008 1090 plebem
1022 1034 1088 1072 eon-

152 1093 314 1163 ditionibus‚
335 1097 434 1171 quibus
456 1097 601 1164 videretur,
624 1096 807 1154 revocandam
827 1093 1088 1167 componendasque

151 1189 207 1238 ree,
222 1174 387 1231 decemviris
399 1193 507 1250 quoque
521 1174 555 1230 ab
568 1175 609 1232 ira
628 1186 656 1231 et
669 1174 772 1248 impetu
786 1171 971 1230 multitudinis
985 1189 1088 1245 praeca·

152 1267 217 1307 rere
228 1251 370 1328 jubentur.
410 1251 531 1328 Profecti
550 1252 652 1326 gaudio
675 1251 781 1326 ingenti
795 1250 882 1324 plebis
896 1249 924 1306 in
938 1260 1029 1305 castra
1043 1267 1087 1306 ac·
1098 1267 1120 1305 ro

153 1329 310 1402 cipiantur3
343 1330 442 1404 quippe
456 1331 614 1385 liberatores
635 1328 814 1385 hauddubie
835 1341 863 1384 et
886 1327 979 1384 motlls
998 1327 1086 1392 initio,

153 1416 182 1461 et
195 1407 272 1463 exitu
286 1407 334 1463 rei.
375 1407 421 1464 Ob
441 1408 501 1463 haec
525 1405 735 1462 advenientibus
758 1407 852 1481 gratie
873 1416 950 1460 actae.
991 1403 1104 1466 Icilius

151 1501 202 1558 pro
223 1485 399 1544 multitudine
412 1485 495 1542 verba
508 1484 582 1540 lacit.
623 1484 712 1552 Idem,
726 1503 811 1557 quum
825 1484 860 1540 de
880 1479 1087 1539 conditionibus

152 1573 290 1636 ageretur,
304 1562 490 1637 querentibus
512 1562 620 1637 legatis,
643 1581 703 1636 quae
723 1561 858 1636 postulata
877 1560 965 1633 plebis
985 1568 1085 1624 essent,

154 1641 307 1714 composito
316 1641 373 1716 jam
395 1653 458 1698 ante
473 1641 620 1697 adventum
638 1640 790 1714 legatorum
811 1637 936 1704 consilio,
950 1657 984 1694 ea
996 1647 1120 1712 postu-rs

152 1715 228 1788 lauit,
240 1728 271 1774 ut
284 1728 434 1792 appareret,
450 1719 477 1775 In
492 1719 618 1792 equitare
642 1736 733 1774 rerum
756 1717 826 1792 plus,
847 1717 930 1790 qtrrim
944 1717 972 1772 in
994 1714 1085 1780 armis,

152 1795 250 1868 reponi
263 1795 331 1869 spei.
372 1796 538 1852 Potestatem
552 1796 627 1852 enim
649 1795 832 1863 tribuniciam,
854 1794 1087 1868 provocationem·

153 1889 207 1943 que
222 1873 391 1948 repetebant,
405 1893 466 1948 quar
486 1884 550 1932 ante
570 1874 741 1936 decemviros
754 1883 861 1930 creatos
875 1873 977 1928 auxilia
999 1871 1087 1946 plebis

154 1948 264 2008 fuerant
278 1971 284 2021 ;
305 1962 333 2009 et
346 1971 381 2008 ne
395 1951 441 2009 cui
452 1951 546 2015 ,fraudi
559 1962 641 2018 esset,
656 1951 782 2008 concisse
796 1949 897 2007 milites
911 1961 959 2006 aut
977 1951 1086 2024 plebem

154 2027 189 2084 ad
204 2031 382 2104 repetendam
395 2049 443 2103 per
458 2030 643 2087 secessionem
656 2029 818 2086 libertatem.
860 2028 903 2084 De
918 2029 1087 2086 decemviro·
1096 2045 1120 2084 ao

153 2123 215 2161 rum
228 2106 312 2163 modii
326 2107 461 2183 suppIIcIo
475 2119 551 2164 atrox
564 2108 730 2182 postulatum
745 2108 803 2164 fuit.
844 2106 917 2164 Dedi
931 2107 1031 2180 quippe
1040 2127 1088 2166 eos

154 2201 263 2257 aequum
277 2187 437 2256 censebant,
452 2187 580 2260 vivosque
593 2186 651 2261 igni
666 2195 888 2244 concrematuros
902 2186 1086 2244 minabantur.

152 2259 253 2337 Legati
267 2263 301 2320 ad
315 2283 366 2321 ea:
399 2264 500 2324 “Quae
514 2264 622 2322 consilii
636 2264 756 2332 suerunt,
781 2261 850 2322 adeo
866 2282 943 2336 aequa
956 2263 1089 2337 postulas·
1175 2311 1177 2327 ,

153 2340 224 2411 “rie
246 2353 276 2399 ut
295 2343 365 2400 ultro
386 2343 462 2400 vobis
489 2342 640 2400 deserenda
664 2343 788 2402 suerint:
821 2341 939 2397 libertati
960 2342 1035 2398 enim
1054 2362 1088 2399 ea
1128 2367 1129 2370 ¹

153 2418 307 2493 “praesidia
319 2421 420 2496 petitis,
435 2441 491 2478 nen
504 2421 624 2477 lieentiae
646 2422 680 2478 ad
704 2419 906 2495 impugnandos
920 2419 995 2475 alios.
1035 2419 1120 2478 Iraeua

153 2498 278 2554 “vestrae
313 2501 401 2572 magis
430 2499 640 2572 ignoscendum,
674 2497 756 2573 quam
790 2497 990 2572 indulgendum
1024 2510 1086 2567 est3

153 2575 172 2609 “
182 2575 281 2648 qqupe
295 2575 341 2648 qui
355 2576 526 2634 crudelitatis
538 2577 603 2634 odio
622 2577 651 2634 in
665 2576 857 2633 crudelitatem
872 2575 960 2641 ruitis,
973 2586 1002 2632 et
1014 2575 1088 2650 priris

153 2654 269 2726 “ptene,
283 2654 365 2726 quam
384 2654 434 2728 ipsi
448 2654 526 2714 liberi
548 2654 615 2722 sitis,
635 2654 771 2712 dominari
789 2655 846 2728 jam
869 2653 898 2708 in
919 2654 1088 2712 adversarios

154 2733 173 2766 “
184 2730 273 2788 vultie.
318 2731 507 2806 Nunquamne
526 2733 649 2807 quiescet
669 2733 766 2789 civitas
789 2742 882 2788 nostra
901 2751 917 2788 a
937 2733 1086 2806 suppliciis,

154 2814 229 2866 “aut
248 2809 360 2870 Petrum
381 2811 409 2867 in
430 2811 539 2885 plebem
559 2811 727 2883 Romanam,
748 2820 795 2866 aut
814 2809 901 2884 plebis
922 2811 950 2866 in
971 2811 1119 2878 Patresluu

154 2893 172 2924 “
182 2887 268 2946 Sento
288 2889 365 2947 robis
385 2889 472 2963 magis
485 2889 566 2963 quam
587 2889 678 2964 gladio
692 2908 760 2964 opus
773 2900 823 2944 ese
865 2889 938 2946 Satis
952 2908 1087 2962 superque

154 2970 173 3002 ‘⁵
181 2965 292 3023 humilis
306 2979 356 3038 est,
371 2967 416 3043 qui
428 2968 490 3041 jure
504 2985 581 3040 equo
594 2968 622 3024 in
644 2967 754 3024 civitate
768 2966 841 3032 vivit,
866 2985 920 3022 nee
941 2967 1087 3024 inferendo

155 3042 318 3116 “injuriam,
333 3065 387 3102 nec
401 3045 539 3120 patiendo.
579 3045 682 3111 Etiam,
697 3045 720 3100 si
740 3045 849 3118 quando
863 3044 1026 3100 metuendos
1039 3063 1086 3100 vos

155 3119 320 3193 “prebituri
340 3125 415 3190 astla,
439 3143 532 3199 quum,
553 3123 722 3198 reeuperatis
745 3121 949 3197 magistratibus
967 3121 1086 3196 legibus·

155 3200 236 3270 “que
249 3201 353 3272 restria,
365 3201 471 3276 judicia
484 3221 570 3276 penes
590 3220 636 3258 vos
657 3211 737 3257 erunt
757 3200 792 3256 de
813 3199 902 3274 capite
921 3209 1014 3257 nostro
1035 3199 1119 3257 sor-aa

155 3274 327 3349 “tuuioque;
360 3291 437 3347 tunc,
461 3291 491 3336 ut
509 3298 625 3354 queque
645 3279 808 3352 causamn,
830 3277 975 3335 statuetis:
1008 3296 1085 3337 nunc

155 3354 174 3388 “
181 3353 337 3412 libertatem
348 3358 434 3432 repeti
447 3359 514 3416 satis
526 3358 595 3415 est''

194 3509 271 3570 LIV.
306 3509 450 3585 Iacerent,
465 3526 496 3572 ut
509 3515 619 3581 vellent,
640 3515 862 3589 permittentibus
882 3513 1000 3582 cunctis,
1021 3533 1083 3573 mor

157 3589 291 3648 redituros
305 3589 430 3664 selegeri
444 3595 525 3650 rebus
539 3594 668 3668 perfectis
682 3594 827 3650 affirmant.
867 3592 986 3650 Profecti
1000 3612 1087 3667 quum
1104 3651 1107 3660 ,

155 3667 287 3726 mandata
299 3669 388 3744 plebis
402 3668 526 3728 Patribus
548 3672 747 3745 exposuissent,
769 3671 815 3727 alii
829 3671 987 3738 decemviri,
1001 3682 1118 3746 quan-ro

157 3745 313 3825 doquidem,
327 3756 426 3834 praeter
439 3765 514 3823 apem
529 3749 659 3826 ipsorum,
680 3749 806 3830 supplicii
830 3750 872 3806 sui
894 3749 969 3808 nulla
983 3749 1085 3808 mentio
