2622 4194
553 331 622 382 ΤΙΤῙ
636 331 718 383 mvn

173 468 349 527 “cordam’'
402 469 472 528 an
498 489 561 530 eum
581 473 656 531 baud
675 469 742 530 salsa
768 480 965 529 memorantem
989 470 1130 548 ingenti?

170 564 310 604 consensu
329 549 445 624 populns
467 549 612 608 Romanus
636 567 753 626 regnare
763 549 851 625 jussit
902 547 978 624 Ergo
997 550 1123 624 virumn

171 625 273 680 cetera
284 627 434 701 egregium,
448 627 552 695 secuta,
565 645 648 702 qnam
661 629 690 684 in
712 627 832 702 petendo
851 623 991 695 babuerat,
1012 627 1094 684 etiarn
1108 620 1130 706 5

170 712 334 775 regnantem
346 703 459 761 ambitio
471 714 530 762 est:
551 703 704 762 necminbs
716 704 795 779 regni
808 703 851 759 sni
864 702 999 769 tiramni,
1012 703 1094 778 quim
1109 757 1123 786 ,

173 779 306 852 augendae
319 780 487 854 reipublice,
509 800 624 854 memor,
643 792 756 839 centum
776 781 805 838 in
829 780 925 838 Patres
937 780 1019 856 legit,
1048 782 1123 860 qui,

170 853 273 911 deinde
286 857 417 914 minorum
426 859 549 932 gentium
569 869 633 916 aunt
652 858 779 934 appellati
787 877 795 926 ;
823 857 908 914 sectio
926 858 1096 915 hauddubie
1110 873 1130 920 Β

172 932 255 1004 regis,
269 933 348 1008 cujus
361 934 496 994 beneficio
509 936 538 993 in
552 937 657 993 curiam
677 945 818 993 venerant
858 934 965 991 Bellum
978 923 1129 1008 primnmss

173 1025 235 1064 cum
250 1008 356 1066 Latinis
368 1013 461 1086 gessit,
474 1023 503 1070 et
520 1014 651 1088 oppidum
663 1012 703 1070 ibi
716 1011 829 1087 Apiolas
842 1011 868 1068 vi
881 1012 972 1085 oepit:
992 1012 1097 1085 praedd·

172 1103 226 1160 que
246 1085 310 1142 inde
331 1090 442 1162 majore,
455 1089 538 1168 quim
557 1101 660 1164 quanta
682 1089 746 1146 belli
766 1089 839 1146 fama
859 1089 955 1154 suerat,
976 1089 1095 1159 revecti,

172 1161 251 1218 ludos
267 1164 424 1236 opulentibs
445 1167 671 1241 instructiusque,
689 1167 771 1241 quim
790 1165 893 1242 priores
913 1183 1000 1240 reges,
1021 1166 1128 1221 secitro

173 1237 249 1294 Tum
263 1239 378 1314 primiim
392 1243 476 1311 circo,
490 1245 535 1319 qui
549 1264 626 1302 nuuc
649 1244 788 1301 Maximus
807 1243 917 1309 dicitur,
938 1243 1096 1317 designatus

172 1314 250 1372 locus
262 1329 319 1374 est:
339 1318 400 1376 loca
412 1321 499 1377 divisa
511 1321 637 1378 Patribus
657 1322 855 1395 equitibusque,
879 1320 927 1376 ubi
940 1320 1097 1393 spectacula

172 1392 226 1448 sibi
245 1395 356 1470 quisque
383 1396 520 1467 lacerent;
545 1397 611 1473 fori
630 1398 764 1473 appellati.
812 1399 986 1471 Spectavere,
1013 1396 1097 1452 furcis

173 1469 314 1530 duodenos
328 1474 362 1530 ab
375 1476 448 1532 terrai
458 1477 616 1550 spectacula
634 1477 688 1532 alta
698 1475 897 1533 sustinentibus
909 1475 1002 1547 pedes.
1041 1473 1097 1531 Lu·
1142 1539 1145 1542 ,

173 1547 282 1608 dicrum
294 1550 345 1608 fuit
358 1553 420 1626 equi
434 1553 603 1628 pugilesque,
616 1573 651 1608 ex
664 1552 776 1609 Etrurii
786 1550 902 1606 inanime
916 1551 1007 1606 acciti.
1047 1552 1097 1606 So·
1105 1565 1129 1605 1⁵

173 1623 270 1680 lennes
283 1627 383 1685 deinde
396 1632 482 1686 annui
495 1630 622 1686 mansere
634 1630 702 1698 ludi,
716 1627 838 1684 Romani
859 1626 1009 1700 Magnique
1024 1628 1096 1684 varie

174 1702 308 1772 appellati.
349 1706 395 1761 Ab
407 1708 503 1762 eodem
517 1725 581 1781 rege
594 1720 623 1786 qt
635 1707 712 1762 circa
731 1705 817 1761 sorum
830 1704 941 1778 privatis
962 1703 1098 1760 aedilican·

174 1776 210 1831 da
222 1778 308 1834 divisa
320 1792 383 1836 sunt
396 1783 472 1851 loca;
492 1785 613 1856 porticus
625 1783 798 1854 tabernaeque
812 1781 900 1836 sactae.

212 1927 352 1990 XXXVI.
373 1934 455 1992 Muto
466 1939 573 2010 qnoque
592 1935 700 2010 lapideo
719 1933 891 1991 circumdare
904 1935 1000 1990 urbem
1020 1953 1097 2010 parn-

174 2008 228 2079 bat,
249 2029 331 2083 quum
346 2013 480 2069 Sabinum
499 2013 602 2069 bellum
614 2012 712 2086 coeptis
723 2011 879 2069 intervenit.
919 2010 1051 2085 Adetiqne
1063 2028 1127 2071 caet

174 2086 264 2142 subite
276 2107 320 2144 res
334 2088 393 2162 luit,
412 2101 442 2146 ut
463 2091 542 2164 prius
565 2090 704 2146 Anienem
727 2089 874 2145 transirent
893 2089 994 2160 hostes,
1014 2088 1095 2163 quarn

173 2162 280 2220 obviem
293 2165 333 2221 ire
347 2185 380 2223 ac
393 2169 535 2242 probibere
553 2169 690 2224 exereitus
704 2167 848 2224 Romanus
861 2176 960 2241 posset.
1000 2166 1096 2240 Itaque

128 2267 130 2276 ·
173 2241 336 2314 trepidaturn
362 2245 460 2302 Romae
486 2256 546 2302 est:
578 2255 606 2302 et
634 2240 721 2319 primii
743 2244 828 2299 dubit
854 2243 975 2311 victorie,
996 2243 1097 2318 magnai

173 2317 309 2393 utrimque
322 2321 408 2389 caede,
426 2334 578 2397 pugnatum
591 2333 640 2379 est
681 2321 817 2378 Reductis
840 2320 940 2388 deinde
960 2325 989 2375 in
1009 2333 1098 2376 castra

174 2394 291 2452 hostium
316 2400 409 2471 copiis,
430 2400 546 2473 datoque
566 2399 653 2472 spatio
672 2397 808 2454 Romanis
828 2397 862 2452 ad
882 2399 1129 2470 comparandumnt

175 2469 209 2526 de
223 2471 329 2545 integro
343 2474 454 2541 bellum,
468 2476 646 2549 Tarquinius,
660 2475 779 2549 equitem
793 2473 910 2530 maxime
931 2474 988 2532 suis
1001 2475 1097 2532 deesse

175 2545 277 2602 viribus
296 2560 379 2616 ratus,
401 2553 435 2607 ad
462 2552 595 2622 Ramnes,
616 2552 767 2622 Titienses,
789 2551 919 2621 Luceres,
947 2571 1013 2626 quas
1033 2569 1098 2608 cen-

174 2623 259 2678 turias
281 2624 418 2684 Romulus
438 2630 591 2704 scripserat,
612 2629 712 2686 addere
732 2629 799 2684 alias
819 2629 967 2698 constituit,
996 2648 1097 2702 suoque

174 2699 298 2776 insignes
311 2703 463 2779 relinquere
484 2707 604 2764 nomine.
641 2707 678 2764 td
698 2707 762 2780 qnia
782 2704 943 2780 inauguratd
961 2706 1098 2762 Romulus

175 2776 286 2846 fecerat,
300 2799 401 2856 negare
415 2786 498 2841 Attus
512 2785 626 2856 Navius,
650 2784 768 2858 inclytus
781 2784 815 2839 ed
828 2793 987 2858 tempestate
1001 2802 1095 2857 augur,
1106 2807 1144 2845 sov

174 2873 263 2930 neque
277 2859 383 2929 mutari,
395 2879 483 2935 neque
503 2879 604 2919 novum
617 2861 755 2928 constitui,
777 2860 830 2918 nisi
844 2879 907 2917 aves
920 2861 1097 2932 addixissent,

175 2950 262 3004 posse.
302 2936 345 2992 Ex
358 2957 391 2995 eo
404 2939 444 2995 ira
456 2939 515 3013 regi
528 2950 617 3007 mota3
638 2939 805 3012 eludensque
818 2949 913 3008 artem,
937 2936 980 3011 (ut
993 2937 1096 3012 serunt)

175 3013 193 3043 “
205 3011 363 3084 Agedum,'’
375 3015 471 3089 inquit,
485 3017 606 3073 “divine
618 3027 655 3088 tu,
664 3017 807 3090 inaugura,
819 3015 913 3070 fierine
924 3013 1016 3088 possit,
1025 3015 1097 3086 quod

175 3087 281 3144 “nuuc
294 3109 345 3164 ego
358 3104 449 3150 mente
473 3094 624 3168 concipio.”
663 3093 761 3153 Quum
784 3091 840 3157 ille,
861 3090 890 3147 in
913 3090 1027 3164 augurio
1039 3107 1097 3146 rem

176 3175 311 3238 expertus,
337 3169 457 3242 profecto
485 3172 603 3227 suturam
631 3170 760 3238 dixisset3
800 3167 914 3240 “Atqui
934 3168 987 3224 boc
1007 3167 1131 3230 animone

176 3243 194 3277 “
205 3241 331 3316 agitavi,”
346 3246 442 3319 inquit,
463 3251 517 3304 “te
537 3249 671 3305 novaculi
691 3258 780 3304 cotem
794 3245 982 3302 discissarum.
1021 3245 1098 3318 Cape

176 3323 194 3356 “
206 3321 275 3387 hec,
296 3331 324 3376 et
346 3341 455 3400 perage,
478 3327 550 3400 quod
571 3345 634 3381 ares
652 3335 706 3380 tuae
726 3325 785 3380 lieri
804 3341 883 3397 posse
903 3322 1097 3396 portendunt.’'

176 3397 252 3454 Tum
265 3397 342 3454 illum
356 3400 429 3456 haud
446 3413 609 3459 cunctanter
632 3401 775 3458 discidisse
789 3411 878 3457 cotem
899 3400 998 3456 lerunt
1038 3401 1100 3456 Sta·

176 3485 223 3530 tna
236 3476 295 3533 Atti
308 3476 398 3549 capite
411 3480 507 3552 velato,
518 3489 572 3552 quo
584 3480 613 3535 in
627 3479 688 3535 loco
697 3497 741 3534 res
755 3490 816 3535 aeta
829 3489 879 3544 est,
895 3478 922 3534 in
936 3477 1056 3544 comitio,
1070 3478 1099 3534 in
1143 3515 1145 3524 ,

176 3553 306 3625 gradibus
319 3554 392 3628 ipsis,
407 3557 442 3611 ad
455 3557 549 3612 laevam
560 3556 644 3612 curiae
664 3555 732 3611 suit:
766 3567 855 3612 cotem
874 3573 981 3629 quoque
1002 3557 1098 3613 ecdem
1107 3575 1132 3614 ao

177 3628 238 3684 loco
254 3631 334 3686 sitam
358 3631 440 3687 fuisse
463 3643 623 3700 memorant,
644 3642 674 3687 nt
694 3644 766 3689 esset
779 3633 813 3689 ad
833 3643 954 3706 posteros
974 3631 1099 3690 miraculi

130 3739 132 3747 ι
177 3705 237 3779 ejus
250 3719 466 3766 monumentum.
508 3709 641 3784 Auguriis
653 3710 727 3766 certe
740 3709 945 3784 sacerdotioque
965 3725 1099 3786 angurum
1116 3733 1119 3742 ⁴
