2622 4194
170 345 207 409 Ἦ
549 345 713 404 urrtrm
788 343 794 350 ”

170 503 242 554 truse
255 493 391 562 laudibus,
412 493 506 554 “Neri
519 493 665 568 misertis,”
685 495 732 568 alt,
752 496 829 554 “sed
841 486 967 570 literatis,
989 501 1097 571 ustum

170 572 189 606 “
201 573 340 632 concitum
363 573 522 642 turbarum
562 584 591 630 ct
610 573 736 631 lascivire
759 574 848 650 magis
870 575 988 651 plebem,
1013 576 1097 649 quent

104 723 106 726 Ι
170 649 303 708 “saevire-
342 651 376 708 Id
390 650 458 708 allec
478 651 580 708 malurn
603 669 639 726 es
658 653 849 727 prosecutione
862 663 976 715 natum:
996 653 1097 728 quippe

170 727 188 762 ‘⁶
199 729 289 787 miuus
301 748 362 786 esse
375 729 528 800 consulum,
542 744 598 790 non
611 729 755 805 imperium
768 749 776 799 ς
796 730 845 787 ubi
858 731 892 788 ad
906 749 964 803 ecs,
980 731 1027 804 qui
1039 731 1097 788 una

170 807 188 842 “
200 807 382 884 peccaverint,
396 823 542 884 provocare
555 807 646 863 liceat.
686 809 845 883 Agedum,”
866 808 963 882 iuquit,
983 808 1098 865 “dicta-
1116 821 1131 876 ⁵¹

170 885 189 921 “
199 896 295 958 torem,
309 905 326 942 a
338 903 392 959 quc
404 884 559 959 provocatio
577 903 636 942 non
656 896 707 952 est,
722 900 857 943 creemus.
892 873 959 942 'iarn
973 886 1029 954 hic,
1043 899 1098 960 quc

168 963 189 1024 .“
199 981 275 1020 nunc
288 963 381 1020 omnia
394 963 499 1038 ardent,
523 963 705 1038 contiscescst
718 963 800 1021 furcrv.
840 963 934 1021 Pulset
953 973 1012 1021 tum
1029 963 1098 1020 mihi

170 1041 189 1078 “
200 1042 334 1108 lictorem,
348 1040 394 1115 qui
408 1041 484 1114 sciet,
506 1040 551 1116 jus
564 1041 599 1096 de
613 1052 691 1130 tergo
711 1041 819 1120 viteque
840 1043 891 1118 sut
912 1056 998 1121 peaes
1012 1055 1098 1101 uuum

171 1120 190 1154 “
200 1119 278 1176 illum
291 1137 361 1192 esse,
374 1119 454 1194 cujus
467 1119 636 1198 majestatem
649 1119 786 1192 violavit.'·'

209 1276 305 1333 XXX.
327 1273 432 1343 Multis,
448 1285 558 1344 uteret,
579 1276 689 1333 horrida
708 1285 736 1333 et
756 1285 833 1346 atrox
851 1275 993 1335 videbatur
1014 1274 1098 1350 Appii
1107 1289 1132 1341 rc

73 1361 75 1364 ’
171 1355 309 1412 sententis
321 1373 327 1410 :
347 1367 440 1413 rursus
451 1353 569 1428 Virgiuii
579 1355 719 1428 Lartiiquc
732 1355 858 1430 exemplo
870 1354 944 1410 haud
956 1353 1078 1410 salubres
1089 1373 1098 1432 ᾗ

170 1433 266 1506 utique
279 1425 365 1489 Lartii
381 1425 525 1507 [putabant
548 1433 737 1510 sententiam],
761 1451 821 1506 quae
841 1441 925 1489 tutam
946 1431 1029 1489 fidem
1049 1430 1099 1499 tul·

170 1509 248 1570 leret.
289 1509 415 1584 Medium
440 1510 558 1567 maxime
579 1521 608 1567 et
626 1511 798 1594 ipoderatutn
818 1504 932 1584 utroque
953 1508 1098 1583 cpusilium

171 1585 297 1664 Virginii'
305 1587 465 1645 habebatur.
505 1588 562 1644 Sed
582 1587 712 1654 factione,
735 1598 915 1662 respectuque
936 1603 1026 1643 rerum
1046 1585 1099 1660 pri·

170 1677 294 1723 ratarum
309 1665 380 1742 (que
400 1683 507 1741 semper
520 1663 645 1722 offecere
659 1665 835 1739 officientque
852 1664 971 1740 publicis
990 1660 1132 1730 consilius

170 1744 219 1822 is),
234 1744 341 1819 Appius
356 1742 437 1812 vicit;
458 1761 491 1799 ac
503 1743 587 1818 prope
600 1743 661 1816 luit,
682 1754 712 1800 ut
735 1744 851 1800 dictatur
864 1742 910 1799 ille
929 1743 1004 1799 idem
1024 1759 1099 1802 creas

170 1833 264 1880 returr
284 1837 345 1896 quae
358 1837 402 1879 ras
415 1820 508 1894 utique
517 1821 662 1876 alienasset
671 1821 779 1895 plebem
789 1815 1019 1894 periculosissimo
1031 1829 1100 1878 teru-

170 1917 246 1977 pcre,
260 1917 345 1973 quum
362 1899 453 1955 Volsci
474 1898 612 1974 AEquique
634 1909 663 1954 et
679 1898 776 1955 Sabini
796 1898 864 1956 sorte
878 1899 935 1955 una
952 1915 1050 1956 omnes
1068 1899 1098 1956 in

171 1995 255 2036 armis
268 1987 368 2034 essent.
408 1976 466 2034 Sed
479 1995 553 2038 cure
573 1976 624 2033 suit
644 1973 804 2034 consulibus
822 1986 851 2032 et
873 1977 1026 2034 senioribus
1049 1977 1100 2035 Pa·
1201 1979 1206 1990 '

170 2068 253 2129 trum,
267 2065 297 2112 ut
310 2054 464 2131 imperium,
481 2073 532 2110 suc
554 2051 712 2126 vehemens,
736 2065 879 2125 mansuete
898 2055 1133 2129 permittereturu

169 2133 293 2209 iugenio.
345 2132 485 2189 Maniae
504 2131 647 2199 Valerium
675 2129 846 2200 dictaturam,
879 2132 973 2190 Volesi
1002 2132 1099 2200 filium,
1183 2159 1184 2164 ¹

171 2222 275 2269 creant.
315 2210 422 2281 Plebes,
436 2211 488 2268 etsi
508 2211 638 2267 adversus
658 2229 687 2267 se
707 2221 830 2270 creatum
851 2210 1012 2286 dictatorern
1025 2212 1100 2268 vide·

171 2289 229 2362 bat,
243 2301 344 2360 tamen,
358 2307 442 2363 quum
464 2289 684 2364 provocationem
699 2289 788 2346 fratris
805 2289 866 2364 lege
886 2285 1010 2355 haberet,
1031 2289 1099 2346 nihil

172 2385 209 2425 ex
223 2369 257 2424 eu
271 2365 375 2424 sarcilia
387 2368 463 2424 triste
477 2386 531 2424 uec
544 2367 691 2442 superbum
705 2366 827 2423 timebat.
848 2367 979 2424 Edictum
989 2367 1099 2437 deinde,

171 2465 189 2502 a
208 2447 341 2502 dictatore
370 2445 547 2518 prepositum,
576 2444 747 2502 confirmavit
767 2443 883 2511 animos,
913 2445 1022 2501 Servilii
1041 2443 1133 2520 sere?

171 2521 295 2579 consulis
308 2523 400 2586 edicto
413 2523 597 2598 couveniens:
625 2522 675 2578 sed
697 2532 725 2578 et
744 2521 850 2579 homiui
864 2532 892 2579 et
904 2523 1031 2597 potestati
1044 2540 1101 2579 me·

133 2609 135 2620 ’
170 2598 224 2656 liris
236 2599 287 2656 rati
301 2599 386 2666 credi,
400 2599 501 2664 omisso
514 2600 675 2671 certamine,
695 2599 808 2668 uomina
821 2600 929 2657 dedere.
968 2599 1101 2662 Quantus

170 2692 313 2752 nunquam
334 2675 399 2733 anui
419 2678 566 2746 exercitus,
587 2678 710 2753 legiones
734 2677 831 2734 decern
851 2678 976 2737 effecte:
1015 2689 1100 2736 terne

170 2755 237 2813 iude
250 2755 320 2814 datae
341 2755 508 2824 consulibus,
528 2766 643 2830 quatuor
664 2756 779 2812 dictator
799 2774 873 2824 usus.
913 2755 977 2814 Nec
996 2765 1101 2832 poterat

168 2833 226 2910 jam
239 2828 340 2912 bellum
355 2833 466 2890 differri.
506 2873 627 2892 .....
820 2831 821 2834 ’
1108 2838 1134 2879 ³⁰

391 2925 478 2981 [aum
484 2927 646 2978 costra-Eurus,
660 2929 775 2986 Vcksoupc
783 2927 878 2980 susos]

209 2995 321 3052 XXXI.
363 3039 370 3053 .
392 3003 398 3052 ἰ
419 3035 426 3050 .
448 3037 455 3052 .
475 3035 482 3050 .
503 2995 652 3052 Trifariam
665 3013 695 3052 re
708 2995 780 3052 bello
802 2996 873 3052 bene
893 2995 980 3070 gesti,
1004 2994 1039 3052 de
1053 2995 1100 3052 du-

170 3073 347 3140 mesticapum
361 3091 451 3130 rerum
471 3083 571 3146 eventu
591 3092 644 3130 nec
664 3073 791 3142 Patribus
810 3070 864 3130 ricc
881 3072 956 3147 plebi
970 3091 1037 3128 cura
1054 3072 1100 3128 de·

171 3159 308 3208 cesserat:
328 3153 406 3208 tentat
418 3169 504 3226 quum¹
516 3151 613 3226 gratis,
635 3160 692 3208 tum
713 3161 771 3207 arte
785 3149 1003 3226 praeparaverant
1015 3149 1100 3206 foeue·

170 3238 284 3298 ratores,
297 3245 358 3300 quae
371 3247 426 3287 non
440 3227 521 3286 modu
533 3229 651 3304 plebem,
666 3228 713 3284 sed
728 3227 817 3302 ipsum
830 3229 914 3286 etiam
927 3228 1098 3295 dictatorem,

170 3303 375 3364 frustrarentur.
414 3307 542 3381 Namque
553 3307 691 3378 Valerius,
711 3316 772 3380 post
792 3305 902 3370 Vetusii
924 3305 1045 3362 consulis
1058 3321 1133 3364 re-at

170 3385 268 3453 ditum,
282 3383 406 3440 omnium
419 3385 559 3442 actionum
573 3385 601 3450 in
622 3395 719 3444 senatu
731 3385 848 3458 primam
862 3383 958 3458 habuit
976 3401 1025 3458 pre
1044 3383 1101 3442 vic·

169 3472 230 3520 tere
242 3460 357 3536 populo:
377 3461 531 3536 retulitque,
545 3463 610 3536 quid
624 3462 701 3524 nexis
714 3461 773 3534 speri
786 3462 925 3538 placeret:
945 3477 1007 3537 quae
1015 3477 1100 3537 quum

170 3540 276 3615 rejecta
298 3538 394 3596 relatio
416 3551 499 3608 esset,
527 3539 620 3604 “Non
640 3539 763 3614 plaeecss?
790 3540 887 3618 inquit,
915 3539 1100 3598 “concordie

171 3619 314 3675 t‘auctcr:
335 3618 463 3693 optabitis
486 3617 545 3694 (me
570 3617 642 3675 Dius
667 3613 761 3696 lidius)
788 3632 873 3696 prppe
892 3617 976 3689 diem,
995 3629 1026 3676 ut
1045 3617 1101 3675 mei

172 3695 304 3752 l‘slmlles
324 3695 454 3753 Romana
472 3697 567 3772 plebes
589 3704 716 3772 patronos
736 3697 844 3769 lrabeat.
892 3695 980 3758 Quod
1000 3696 1035 3754 ad
1054 3709 1134 3762 metu

172 3772 310 3861 ilpttiust,
331 3790 420 3850 usque
445 3773 594 3832 frustrabor
618 3773 690 3832 altri
715 3773 790 3834 cives
819 3793 905 3851 meos,
932 3791 1022 3852 neque
1041 3773 1100 3852 ipse
