2620 4200
500 345 722 398 arannxxrn
753 360 812 398 ω.
823 362 847 396 1..
1087 347 1144 416 229
1172 399 1177 408 ,
1207 307 1210 316 ’

145 559 151 568 ,
217 492 274 550 diei
287 490 408 550 medium
427 496 496 556 erat,
519 488 631 563 sitisque
649 499 678 547 et
696 489 782 548 calor
790 489 899 554 hiantes
910 489 1058 552 caedendos
1070 495 1144 572 capi·

218 571 358 644 endosque
371 566 472 624 affatim
485 567 631 642 prebebat

255 725 362 782 XLIX.
395 722 543 798 Elephanti
564 724 655 798 plures
676 684 711 780 ab
735 724 801 798 ipsis
826 724 988 793 rectoribus,
1009 727 1090 801 quim
1110 731 1146 787 ab

177 805 304 874 f,hoste
327 801 481 869 intersecti3
511 801 607 858 fabrile
627 803 764 877 scalprum
777 820 842 859 cum
861 803 962 862 malleo
982 805 1142 866 habebant.

195 881 252 948 sid,
267 881 314 937 ubi
328 879 423 936 sarrire
438 879 534 934 belluae
557 897 590 936 ac
610 899 689 938 ruere
708 881 736 936 in
751 899 814 948 suos
833 891 983 955 coeperant,
1005 884 1144 972 magister,

212 959 286 1016 inter
299 977 379 1014 aures
390 957 517 1032 positum,
532 957 591 1032 ipso
604 959 632 1015 in
647 959 771 1024 articulo,
785 977 839 1032 quo
848 959 974 1036 jungitur
987 961 1071 1035 capiti
1085 981 1145 1020 cer·

212 1037 259 1093 rix
261 1046 393 1125 ,quanto
408 1035 526 1092 maximo
551 1047 657 1110 poterat
670 1037 736 1107 ictu,
761 1037 897 1110 adigebat.
937 1039 979 1094 Ea
1000 1039 1146 1098 celerrima

212 1115 259 1170 ria
272 1115 366 1171 mortis
386 1113 414 1170 in
434 1123 518 1170 tantae
538 1114 617 1170 molis
637 1114 754 1170 bellua'
747 1125 859 1170 inventa
871 1125 938 1188 erat,
962 1117 1010 1173 ubi
1030 1119 1145 1192 regendi

173 1203 176 1218 ¹
214 1211 291 1267 spem
311 1192 458 1248 vicissent·
492 1191 648 1265 primusque
675 1193 703 1248 id
724 1191 907 1248 Hasdrubal'
900 1194 1066 1266 instituerat,
1088 1195 1145 1256 dux

183 1289 297 1344 roquum
323 1288 394 1344 saepe
422 1268 489 1324 elisis
515 1269 709 1341 memorabilis,
737 1281 794 1327 tum
815 1269 862 1325 illa
881 1272 1019 1346 praecipue
1039 1240 1144 1346 pbgnd.

205 1348 265 1404 *Ille
278 1359 440 1422 pugnantes,
455 1346 597 1414 hortando,
618 1315 771 1422 pariterque
791 1347 920 1404 obeundo
933 1350 1067 1423 pericula,
1087 1368 1145 1406 sns-

212 1425 311 1482 tinuit:
332 1425 377 1481 ille
397 1424 482 1481 sessos
495 1424 701 1498 abnuentesque
715 1425 796 1483 taedio
816 1438 845 1482 et
863 1425 966 1494 labore,
987 1445 1063 1484 nune
1083 1447 1144 1502 pre·

211 1505 312 1574 cando,
332 1521 409 1559 nnnc
428 1501 597 1576 castigando,
612 1503 758 1560 accendit:
784 1503 829 1559 ille
843 1503 981 1578 fugientes
994 1505 1143 1578 revocavit,

210 1581 394 1655 omissamque
408 1598 528 1654 pugnam
542 1581 644 1655 aliquot
656 1581 725 1637 locis
737 1581 872 1637 restituit:
893 1581 1042 1656 postremo,
1055 1601 1143 1656 quum

180 1659 284 1716 rshaud
298 1657 381 1715 dubie
395 1658 504 1714 fortuna
518 1658 636 1715 hostium
650 1668 732 1724 esset,
753 1677 788 1715 ne
802 1670 956 1733 superesset
975 1670 1052 1717 tanto
1067 1678 1144 1716 exer-

210 1736 278 1793 citui
297 1753 378 1792 suum
399 1753 500 1791 nomen
521 1747 627 1802 secuto,
653 1737 793 1793 concitato
812 1755 883 1809 equo
902 1738 981 1794 sein
1002 1739 1144 1794 cohortem

210 1813 389 1871 Romanam'
382 1813 503 1870 immisit.
544 1813 597 1884 Ibi,
612 1825 642 1871 ut
654 1825 731 1888 patre
755 1805 914 1872 Hamilcare
935 1825 964 1872 et
983 1815 1143 1872 Hannibale

210 1891 293 1947 fratre
313 1891 427 1980 dignum
447 1901 515 1962 erat,
535 1910 662 1966 pugnans
682 1891 793 1949 cecidit.
844 1892 996 1967 Nunquam
1017 1912 1051 1950 eo
1071 1893 1144 1950 bello

211 1969 267 2024 una
281 1968 342 2024 acie
356 1977 462 2024 tanturn
476 1968 594 2024 hostium
609 1969 783 2026 intersectum
797 1979 857 2037 est;
887 1970 1049 2044 redditaque
1066 1988 1144 2043 equa

177 2065 201 2105 so
210 2045 353 2102 Cannensi
367 2045 469 2117 clades,
483 2045 525 2101 vel
539 2045 618 2101 ducis
632 2046 674 2101 vel
698 2046 834 2102 exercitiis
854 2046 975 2112 interitu,
990 2047 1141 2104 videbatur.

209 2123 421 2198 Quinquaginta
447 2141 497 2180 sex
526 2123 612 2179 millia
631 2123 749 2180 hostium
770 2123 881 2180 occisa:
913 2133 995 2199 capta
1023 2124 1142 2198 quinqua

209 2202 296 2258 millia
315 2211 342 2258 et
355 2201 565 2276 quadringenti:
598 2201 690 2275 praeda
703 2200 757 2256 alia
768 2219 871 2274 ‚magna
884 2211 942 2258 tum
956 2202 1046 2258 omnis
1058 2219 1143 2276 gene·

208 2281 255 2350 ris,
269 2290 328 2336 tum
342 2280 401 2336 auri
414 2279 497 2336 etiam
511 2279 679 2353 argentique.
720 2277 832 2334 Civium
843 2279 926 2336 etiarn
940 2280 1141 2350 Romanorum,

208 2358 254 2431 qui
268 2358 342 2432 capti
363 2357 435 2432 apud
456 2357 548 2414 hostes
567 2366 655 2427 erant,
676 2375 758 2430 supra
777 2366 894 2428 quatuor
913 2356 999 2412 millia
1019 2356 1141 2430 capitum

175 2446 327 2510 strecepta.
368 2434 569 2495 ld-solatiiluit
581 2453 631 2508 pro
643 2433 750 2490 amissis
760 2452 795 2490 eo
804 2433 900 2507 proelio
907 2434 1056 2494 militibus:
1076 2453 1141 2492 nam

208 2514 420 2588 haudquaquam
434 2513 581 2570 incruenta
592 2511 706 2569 victoria
719 2511 786 2568 suit:
806 2521 869 2568 octo
883 2512 968 2570 serme
981 2511 1070 2570 millia
1083 2513 1141 2574 Ro·

207 2611 349 2649 manorum
380 2591 571 2665 sociorumque
595 2589 697 2647 occisa.
750 2589 885 2663 Adedque
910 2590 994 2647 etiam
1022 2591 1140 2650 victores

207 2671 350 2746 sanguinis
375 2669 513 2742 cedisque
536 2678 648 2744 ceperat
670 2669 790 2739 satietas,
815 2678 845 2724 ut
857 2678 965 2742 postero
979 2669 1033 2740 die,
1053 2687 1140 2743 quum

208 2759 281 2804 esset
293 2748 448 2804 nuntiatum
460 2746 538 2803 Livio
551 2746 668 2812 consuli,
682 2745 777 2804 Gallos
790 2745 945 2821 Cisalpinos
957 2715 1138 2820 Liguresque,

175 2825 254 2899 atqui
268 2833 315 2880 aut
328 2824 424 2899 proelio
436 2841 491 2880 non
512 2823 663 2895 affuissent,
686 2834 733 2880 aut
756 2823 945 2880 intercedam
965 2823 1136 2896 effugissent,

207 2921 264 2960 uno
277 2903 388 2978 agmine
402 2900 510 2958 abire'
490 2919 550 2956 srne
569 2911 645 2956 certo
665 2901 746 2966 duce,
767 2900 826 2956 sine
840 2899 936 2988 signis,
959 2899 1019 2956 sine
1037 2899 1136 2961 ordine

206 2981 272 3053 ullo,
285 2991 333 3037 aut
346 2979 477 3054 imperi03
497 2997 585 3053 posse,
599 2977 622 3034 si
636 2997 692 3036 una
704 2978 827 3052 equitum
840 2978 883 3034 ala
896 2978 1027 3043 mittatur,
1039 2995 1137 3036 omnes

206 3027 311 3128 deldri3
333 3068 352 3095 ‘⁶
360 3057 533 3132 Supererat
541 3056 646 3161 inquit,
668 3065 685 3094 ‘⁶
697 3056 780 3130 aliqui
793 3055 893 3121 nuntii,
907 3065 935 3114 et
948 3054 1067 3118 hostium
1079 3057 1135 3116 cla·

210 3146 229 3173 “
238 3137 290 3208 dis,
303 3146 332 3194 et
344 3146 444 3194 nostran
457 3133 589 3192 virtutis.”
641 3171 651 3180 -

174 3313 200 3352 ns
246 3291 278 3348 L
299 3292 385 3359 Nero,
399 3293 432 3349 el
445 3301 600 3365 nocteque
613 3301 708 3350 secuta
720 3301 762 3348 est
774 3309 905 3379 pugnam,
915 3290 1040 3350 citatiore
1051 3291 1135 3366 quim

207 3370 272 3428 inde
286 3381 397 3429 venerat
410 3371 530 3445 agmine,
543 3370 588 3427 die
602 3380 678 3427 sexto
698 3369 732 3426 sd
747 3369 843 3426 stativa
855 3387 905 3426 sus
906 3380 1009 3444 ,atque
1022 3371 1057 3426 ad
1071 3371 1132 3424 hos-

208 3458 263 3505 tem
275 3449 408 3524 pervenit.
448 3447 542 3504 Iter'
518 3467 577 3522 ejus
590 3447 742 3544 frequentia
759 3447 874 3536 minore,
889 3447 954 3521 quia
973 3465 1055 3505 nemo
1067 3463 1135 3534 pre·

208 3537 328 3584 cesserat
340 3525 463 3592 nuntius,
477 3525 572 3582 letitia
582 3524 646 3582 verb
659 3525 744 3592 tanta,
756 3525 800 3581 vix
813 3533 844 3580 ut
851 3536 991 3599 compotes
1001 3523 1135 3581 mentium

207 3623 263 3679 prae
286 3605 389 3694 gaudio
408 3614 509 3669 essent,
530 3603 698 3660 celebratum
718 3613 769 3660 est.
820 3601 895 3660 Nam
916 3603 1015 3660 Rome
1036 3614 1134 3659 neuter

176 3701 200 3741 ro
209 3682 293 3738 animr
286 3682 415 3740 habitus
428 3681 494 3740 satis
507 3681 562 3738 dici
567 3681 748 3770 enarrarique
758 3690 865 3755 potest;
895 3699 948 3737 nec
962 3697 1016 3767 quo
1028 3679 1135 3736 incerta

208 3759 416 3836 exspectatione
424 3759 537 3821 eventis
547 3759 645 3817 civitas
656 3760 754 3827 fuerat,
768 3777 821 3824 nee
834 3777 888 3833 quo
899 3755 1018 3816 victoria
1032 3757 1134 3816 famam
