2620 4200
514 375 614 424 LIBER
628 370 682 424 XL.
716 383 840 423 caaxrv.
983 350 987 358 ¹
1094 373 1151 430 273

217 523 236 561 ‘²
246 522 352 588 utrum,
367 530 397 577 ut
410 519 548 595 placarem
562 528 599 584 te,
614 517 706 574 danda
718 535 802 590 opera
822 515 882 584 fuit,
906 523 937 570 ut
950 508 1031 570 aliam
1047 531 1150 587 quere·

215 606 234 638 “
243 619 302 658 rem
315 599 501 664 occasionem,
515 597 645 671 quoniam
659 594 743 650 semel
758 611 896 649 venenum
910 593 1087 666 paraveram?
1114 611 1149 648 au

216 679 278 734 “ab
292 679 338 734 illo
351 677 467 734 consilio
480 676 555 732 velut
574 673 785 730 transiliendum
804 673 840 731 ad
859 671 933 726 aliud
948 669 1007 734 luit,
1029 680 1060 725 ut
1079 669 1151 725 ferro

215 762 280 822 ιιῑεε,
301 755 458 829 etquidem
479 773 513 810 eo
532 752 585 819 die,
607 771 655 826 per
675 750 797 824 speciem
817 747 1027 818 comissationis,
1040 747 1151 803 oecide-

193 836 325 889 5“reml
365 832 432 892 Quo
457 831 559 887 deinde
585 829 676 893 modo,
698 829 721 884 si
746 839 771 883 te
792 832 867 882 metu
888 825 982 882 mortis
1002 825 1150 881 credebam

214 917 352 967 “coenam
374 911 492 966 evitasse
515 926 616 974 meam,
637 926 693 962 nen
715 905 750 961 ab
769 905 867 961 eodem
887 914 962 960 metu
982 902 1151 959 comissatio·

214 992 233 1024 “
242 1007 307 1045 nem
320 1007 428 1062 quoque
441 988 607 1044 evitaturum
620 983 811 1040 existimabam
824 985 834 1037 t

251 1143 332 1202 XIV.
361 1143 453 1199 “Nou
467 1151 509 1199 est
523 1161 576 1208 res,
597 1142 652 1215 qua
671 1140 844 1206 erubescam,
865 1151 950 1215 pater,
972 1140 994 1196 si
1015 1139 1060 1196 die
1081 1138 1150 1195 sesto

215 1223 313 1279 “inter
334 1221 452 1296 aequales
472 1221 589 1294 largiore
611 1220 673 1274 vino
694 1237 755 1275 sum
769 1237 851 1273 usus:
884 1229 913 1273 tu
927 1237 1043 1291 quoque,
1059 1217 1149 1286 velim,
1237 1215 1242 1230 '

181 1319 204 1356 ro
214 1305 232 1337 ‘⁴
241 1299 373 1373 inquiras,
387 1299 561 1374 qualaetititl,
575 1317 629 1371 quo
642 1297 705 1352 lusu
719 1297 791 1370 apud
806 1315 849 1351 me
864 1296 1032 1352 celebratum
1047 1297 1150 1350 hester·

213 1383 231 1417 “
241 1395 307 1434 rrum
322 1377 479 1434 convivium
494 1377 537 1442 sit,
556 1375 603 1431 illo
616 1374 699 1430 etiam
725 1373 821 1446 (pravo
834 1373 959 1449 forsitan)
973 1374 1075 1447 gaudio
1089 1392 1149 1446 pre·

213 1461 231 1493 “
240 1457 367 1525 vehente,
379 1453 451 1528 quod
466 1455 494 1509 in
506 1453 628 1528 juvenali
648 1470 786 1508 armorum
809 1451 960 1507 certamine
973 1469 1036 1525 pars
1055 1460 1149 1506 nostra

212 1539 295 1589 “non
309 1533 422 1589 inferior
443 1533 539 1587 suerat.
580 1529 693 1586 illiseria
713 1530 772 1585 haee
790 1540 818 1585 et
839 1539 928 1585 metus
947 1529 1087 1602 crapulam
1111 1527 1149 1582 fa-

212 1610 294 1667 “cile
308 1621 510 1677 excusserunt;
537 1627 598 1682 quae
611 1608 635 1663 si
655 1627 711 1663 non
732 1608 953 1674 intervenissent,
974 1607 1148 1662 insidiatores

180 1694 289 1748 is“nos
315 1689 395 1762 sopiti
419 1688 584 1763 jaceremus.
636 1685 666 1741 Si
686 1686 799 1740 domum
826 1695 902 1740 tuam
929 1696 1146 1758 expugnaturus,

211 1769 318 1840 “capta
332 1766 421 1835 domo,
443 1765 586 1821 dominum
607 1763 802 1819 interfecturus
819 1781 903 1832 eram,
925 1781 979 1818 non
1001 1763 1148 1836 temperas-

211 1851 229 1882 “
238 1863 296 1900 sem
310 1844 374 1901 vino
388 1844 417 1900 in
431 1861 518 1898 unum
532 1842 628 1898 dieml
658 1859 714 1896 uon
728 1840 829 1896 milites
842 1840 1033 1896 abstinuissem
1049 1839 1147 1896 meost

211 1929 229 1960 “
239 1922 284 1988 Et,
299 1941 336 1977 ne
350 1937 403 1996 ege
417 1939 460 1976 me
475 1920 548 1976 solus
562 1919 649 1975 nimia
662 1917 837 1994 simplicitate
858 1928 944 1988 tuear,
968 1919 1026 1995 ipse
1039 1934 1148 1996 queque
1173 1953 1175 1958 ·

210 1999 352 2055 “minime
367 1999 455 2056 malus
469 2017 502 2056 ac
523 1993 652 2074 suspicax
673 1995 766 2068 stater,
789 1995 885 2055 ‘Nihil
909 2000 984 2056 aliud
1007 2001 1085 2071 scio‚’
1106 2001 1155 2056 iu-'

175 2097 199 2135 ao
210 2078 305 2151 “quit,
327 2077 415 2134 ‘nihil
437 2097 531 2152 arguo,
545 2078 599 2134 nisi
613 2075 685 2151 quod
698 2095 763 2134 cum
785 2077 855 2133 serro
869 2079 1044 2135 comissatum
1066 2097 1146 2134 vene·

209 2156 337 2212 “‘runt’
379 2156 409 2212 Si
429 2175 561 2229 queram,
584 2156 657 2212 unde
678 2155 706 2211 id
728 2155 816 2229 ipsum
837 2157 942 2222 scieris,
963 2175 1078 2212 necesse
1094 2157 1146 2212 erit

210 2233 366 2299 “teletam
382 2245 430 2290 aut
443 2234 645 2306 speculatorum
668 2244 776 2289 tuorum
797 2234 906 2308 plenam
928 2236 1039 2291 domum
1061 2234 1144 2290 fuisse

134 2379 137 2384 Ι
197 2316 228 2347 Ψ·
238 2330 339 2382 meam,
360 2322 407 2368 aut
434 2312 494 2368 illos
521 2313 559 2367 ita
579 2314 674 2385 aperte
696 2312 844 2385 sumpsisse
866 2313 977 2383 serrum,
998 2323 1028 2368 ut
1047 2331 1145 2368 omnes

209 2395 227 2426 ‘⁶
237 2388 370 2446 viderant.
412 2391 456 2459 Et,
472 2390 587 2464 nequid
603 2390 660 2464 ipse
675 2399 722 2444 aut
735 2389 810 2463 prius
831 2390 985 2464 inquisisse,
1001 2401 1048 2446 ant
1068 2408 1144 2446 nune

174 2467 384 2523 e‘scriminose
405 2468 592 2541 argumentari
607 2467 753 2538 videretur,
777 2477 804 2523 te
824 2487 945 2540 quaerere
968 2487 1002 2524 err
1016 2469 1059 2540 iis,
1076 2486 1145 2541 quos

208 2549 226 2582 ‘⁴
236 2545 415 2615 nominasset,
427 2545 551 2619 jubebat,
567 2564 602 2600 an
625 2545 726 2600 ferrum
746 2547 924 2612 habuissent;
951 2558 990 2611 ut,
1005 2557 1144 2619 tamquam

207 2621 263 2677 “in
287 2641 317 2678 re
338 2623 432 2691 dubia,
458 2641 543 2696 quum
565 2623 592 2678 id
615 2622 761 2695 quaesisses
782 2625 853 2696 quod
875 2624 925 2697 ipsi
948 2625 1076 2689 latentur,
1095 2639 1144 2697 pro

207 2707 225 2738 “
234 2701 370 2755 convictis
392 2702 567 2757 haberentur.
614 2700 695 2761 Quin
709 2712 739 2756 tu
763 2701 830 2757 illud
853 2703 937 2774 quaeri
960 2703 1051 2777 jubeS,
1075 2715 1142 2757 num

206 2779 225 2815 “
234 2777 273 2832 tui
287 2777 434 2833 occidendi
450 2781 533 2833 causi
556 2779 658 2834 ferrum
672 2779 861 2852 sumpserint?
889 2798 956 2834 num
971 2799 1014 2834 me
1028 2789 1141 2834 auctore

173 2859 224 2908 to“
233 2865 261 2910 et
274 2855 403 2910 scientel
443 2855 506 2910 Hoc
527 2857 603 2912 enim
627 2857 713 2911 videri
735 2857 782 2924 vis,
801 2875 857 2911 non
871 2855 947 2922 illud,
969 2857 1041 2929 quod
1055 2857 1142 2911 saten-

165 2969 166 2976 κ
205 2938 224 2969 “
233 2943 287 2999 tur,
302 2943 330 2988 et
342 2931 433 3006 palam
446 2943 496 3002 est,
510 2943 538 2988 et
551 2934 593 2988 sui
607 2952 637 2988 se
650 2933 747 2989 tuendi
771 2937 854 2989 causi
872 2935 1021 3008 sumpsisse
1034 2935 1140 2989 dicunt.

205 3009 326 3066 “Recte
341 3029 376 3065 an
390 3028 532 3084 perperam
555 3011 681 3076 fecerint,
706 3011 757 3085 ipsi
781 3012 824 3067 sui
846 3012 910 3068 sacti
932 3013 1066 3068 rationem
1079 3011 1141 3067 red-

205 3089 308 3144 “dent
350 3088 444 3144 Meam
458 3107 580 3155 causum,
594 3107 654 3162 quae
669 3089 736 3144 nihil
760 3108 794 3145 eo
818 3089 890 3145 facto
910 3091 1090 3164 contingitur,
1104 3103 1141 3144 ne

205 3166 377 3222 “miscueris
389 3185 396 3234 3
424 3176 471 3222 aut
483 3167 601 3240 explica,
615 3167 710 3222 utrum
724 3167 816 3240 aperte
828 3186 863 3223 an
872 3168 943 3224 clam
955 3178 982 3225 te
996 3187 1141 3243 aggressu-

171 3244 254 3300 as‘tri
281 3243 422 3299 fuerimus.
464 3245 494 3300 Si
521 3245 622 3318 aperte,
650 3263 699 3301 cur
725 3261 780 3300 non
803 3265 899 3301 omnes
923 3247 1025 3302 ferrum
1044 3246 1140 3302 habui·

203 3323 315 3377 “must
347 3339 398 3377 cur
411 3341 494 3379 nemo
507 3332 605 3397 praeter
618 3341 675 3388 eos,
697 3322 743 3395 qui
765 3333 842 3379 tuum
866 3324 1066 3397 speculatorem
1081 3323 1140 3397 pul·

203 3399 347 3456 “saruntl
374 3400 492 3471 siclam,
507 3399 568 3474 quis
578 3401 646 3457 ordo
657 3399 766 3456 consilii
781 3401 854 3456 suitt
894 3402 1027 3458 Convivio
1040 3401 1138 3472 seluto,

203 3484 315 3550 “quum
337 3478 497 3536 comissator
518 3497 570 3552 cgo
591 3477 790 3550 discessissem,
813 3489 929 3552 quatuor
943 3479 1137 3545 substitissent,

203 3562 262 3611 “ut
288 3556 406 3630 sopitum
434 3568 461 3614 te
486 3557 725 3630 aggrederenturl
759 3559 895 3629 quomodo
918 3558 1087 3627 fefellissent,
1109 3567 1138 3613 et

170 3649 194 3690 4ο
204 3640 223 3672 “
231 3633 325 3701 alieni,
338 3649 367 3691 et
380 3636 444 3706 mei,
458 3645 487 3690 et
498 3633 619 3690 maxime
633 3633 764 3707 suspecti,
777 3634 842 3706 quia
854 3635 935 3709 panib
953 3633 1017 3691 ante
1034 3635 1063 3690 in
1076 3635 1139 3692 rixa

203 3711 360 3769 “fuerantl
394 3713 530 3786 quomodo
554 3723 654 3781 autem,
676 3711 813 3768 trucidato
833 3725 870 3780 te,
891 3714 942 3788 ipsi
956 3713 1063 3769 evasuri
1078 3713 1137 3768 fue·

202 3794 222 3830 ‘⁶
230 3788 304 3847 rint?
327 3801 443 3865 quatuor
459 3790 559 3868 gladiis
573 3791 671 3848 domus
683 3799 731 3847 tua
744 3789 806 3866 capi
819 3801 848 3849 et
860 3791 1012 3869 expugnari
1024 3789 1111 3868 potuit
1123 3792 1134 3848 l
