2620 4200
561 383 662 436 LIBER
677 388 731 437 XL.
750 403 810 438 cau.
822 399 871 437 arr.
1108 391 1164 451 271

236 531 255 640 Σ
263 542 324 661 pum
339 523 515 632 ,specesser‘it
529 539 645 588 mortem
658 549 749 588 meam
773 528 847 588 idem
860 541 891 588 tu
903 531 1029 606 persequi
1050 549 1107 589 non
1119 551 1168 608 poa

275 623 337 661 ens.

272 759 342 818 XII.
383 761 529 838 Postquam
550 765 662 846 dicendi
690 765 775 822 finem
804 766 922 822 Perseus
951 765 1026 838 secit,
1047 761 1167 842 conjecti

234 855 337 911 eorum,
364 842 411 916 qui
431 844 554 910 aderant,
568 844 641 900 oculi
661 844 689 900 in
711 844 883 901 Demetrium
904 855 978 916 sunt,
1008 845 1081 901 velut
1101 865 1181 902 con-f

200 915 325 994 ¹5iestim
346 939 526 994 responsurus
538 933 628 978 esset:
662 923 764 978 deinde
784 923 832 978 diu
847 922 1061 988 minitantium,
1082 943 1173 997 quum·
1245 934 1246 943 ¹

233 996 374 1082 perfusum
388 998 453 1055 fletu
468 1012 610 1074 appareret
622 1001 750 1056 omnibus
763 1001 837 1074 ioqui
851 1020 906 1056 non
920 1019 1008 1074 posse.
1037 1001 1169 1060 Tandem

233 1075 299 1130 vicit
313 1075 433 1148 dolorem
447 1077 506 1151 ipsa
519 1079 678 1148 necessitas,
692 1096 777 1152 quum
799 1079 893 1135 dicere
911 1079 1041 1153 juberent
1049 1099 1055 1148 ;
1087 1089 1168 1153 atque

234 1147 273 1207 ita
285 1172 362 1211 orsus
376 1165 436 1210 est:
458 1155 598 1226 “Omma,
612 1175 672 1230 quae
692 1175 801 1214 reorum
822 1169 904 1212 antea
924 1158 1033 1213 fuerant
1056 1158 1168 1228 auxilia,

235 1236 254 1262 “
262 1240 348 1304 pater,
361 1234 564 1308 preoccupavit
580 1245 732 1291 accusator.
774 1235 916 1292 Simulatis
936 1235 1064 1310 lacrymis
1087 1236 1116 1291 in
1130 1236 1169 1292 al·

203 1313 254 1374 10⁴‘
264 1310 349 1365 terius
364 1311 515 1385 perniciem
528 1329 606 1369 veras
619 1332 695 1369 meas
712 1313 847 1388 iacrymas
868 1325 1010 1387 suspectas
1030 1314 1079 1370 tibi
1094 1314 1168 1371 iecit.

234 1386 361 1447 “Quum
383 1389 449 1463 ipse,
464 1409 498 1446 ex
512 1409 566 1464 quo
579 1391 614 1446 ab
628 1391 721 1448 Roma
741 1392 820 1458 redii,
840 1409 889 1466 per
909 1391 1021 1448 occulta
1033 1411 1097 1448 cum
1112 1391 1169 1448 suis

234 1467 400 1540 “colloquia
413 1469 473 1523 dies
486 1479 638 1542 noctesque
651 1469 796 1526 insidietur
808 1490 816 1538 3
841 1470 911 1526 ultro
924 1470 992 1525 mihi
1006 1483 1061 1526 non
1075 1470 1170 1526 insidi-

234 1548 254 1575 “
263 1545 345 1600 atoris
359 1545 452 1612 modo,
467 1546 515 1602 sed
529 1547 642 1604 latronis
655 1547 793 1604 manifesti
807 1558 835 1604 et
848 1548 1026 1622 percussoris,
1047 1548 1171 1623 speciem

235 1626 254 1654 “
263 1622 362 1678 induit.
390 1623 519 1681 Periculo
533 1645 582 1682 suo
595 1636 622 1681 te
636 1635 764 1691 exterret,
779 1637 809 1682 ut
822 1626 935 1682 innoxio
949 1626 1023 1683 fratri
1037 1645 1085 1700 per
1094 1645 1170 1683 eum-

200 1727 226 1764 15
236 1701 325 1756 “dem
340 1713 366 1758 te
380 1713 499 1758 maturet
511 1703 672 1778 perniciem.
704 1703 864 1779 Perfugium
876 1704 927 1760 sibi
937 1723 1070 1778 nusquam
1082 1705 1171 1779 genti-

235 1781 254 1810 “
264 1799 310 1834 um
320 1799 382 1836 esse
391 1780 438 1846 ait,
447 1790 476 1836 ut
487 1799 539 1854 ego
551 1799 586 1852 ne
597 1783 669 1856 apud
680 1783 824 1855 tequidem
833 1783 981 1856 quidquam
991 1783 1049 1856 spei
1059 1783 1170 1856 reliquae

234 1853 388 1915 “habeam.
417 1859 666 1928 ‘Circumventum
688 1859 786 1932 solum,
807 1860 925 1934 inopem,
952 1861 1055 1917 invidiri
1076 1861 1171 1935 gratiae

235 1932 385 1992 “externae
409 1934 482 2014 (quae
502 1938 581 1993 obest
604 1937 694 2012 potiris
715 1939 796 2012 quim
816 1939 938 2015 prodest)
962 1951 1066 1995 onerat.
1107 1939 1171 1996 Jam

235 2011 253 2044 “
263 2014 329 2070 iliud
344 2014 426 2089 quim
438 2015 618 2086 accusatorie,
639 2014 713 2089 qudd
734 2015 824 2072 noctis
838 2016 919 2090 hujus
933 2017 1038 2072 crimen
1060 2017 1172 2074 miscuit

195 2090 253 2154 ·oo“
263 2111 327 2148 cum
342 2093 442 2149 caetera
457 2093 638 2149 insectatione
660 2093 721 2149 vitae
745 2095 830 2150 meae!
862 2107 891 2150 ut
904 2105 931 2150 et
945 2095 1006 2165 hoc,
1030 2096 1101 2168 quod
1113 2090 1190 2169 jam'
1214 2157 1215 2166 ,

235 2168 343 2243 “quale
357 2172 401 2237 sit,
416 2171 497 2237 scios,
512 2183 671 2245 suspectum
686 2172 739 2228 alio
753 2171 814 2228 vitre
830 2183 927 2228 nostrae
942 2182 1036 2228 tenore
1050 2173 1171 2242 faceret3

235 2247 297 2304 “et'
314 2249 387 2304 illam
408 2268 506 2306 vanam
530 2249 750 2306 criminationem
772 2251 839 2324 spei,
866 2250 1021 2316 voluntatis,
1046 2251 1173 2308 consilio·

236 2326 323 2381 “rum
345 2346 468 2384 meorum
491 2337 626 2384 nocturno
647 2329 699 2384 hoc
719 2328 784 2384 ficto
797 2341 824 2384 et
845 2329 995 2402 composito
1010 2340 1172 2404 argumento

236 2403 255 2438 “
264 2404 381 2461 fulciret.
423 2407 511 2462 Simul
532 2416 560 2463 et
580 2405 647 2462 illud
661 2407 795 2480 quaesivit,
815 2416 845 2462 ut
858 2407 1002 2479 repentina
1015 2419 1043 2461 et
1057 2405 1172 2464 minime

204 2483 255 2543 es“
264 2495 416 2557 praeparata
429 2485 568 2541 accusatio
582 2483 729 2555 videretur,
743 2485 843 2558 quippe
864 2503 898 2540 ex
918 2486 1007 2540 noctis
1023 2486 1103 2558 hujus
1118 2503 1173 2540 me-

237 2563 295 2616 “tu
309 2572 336 2617 et
356 2563 476 2618 tumultu
490 2563 634 2637 repentino
648 2574 749 2618 exorta.
790 2563 920 2636 Oportuit
932 2575 1035 2634 autern,
1060 2563 1172 2630 Persou,

237 2639 287 2694 “si
308 2640 429 2712 proditor
442 2659 494 2715 ego
514 2640 599 2714 patris
613 2641 745 2716 regnique
769 2659 861 2706 eram,
874 2642 896 2696 si
911 2659 973 2696 cum
990 2641 1135 2711 Romanis,
1149 2641 1173 2698 si

237 2719 328 2772 “cum
344 2718 404 2772 aliis
417 2719 539 2774 inimicis
552 2719 645 2793 patris,
670 2719 785 2774 inieram
810 2718 933 2783 consilia,
958 2739 1012 2774 non
1032 2730 1174 2792 exspecta-

238 2799 322 2850 “tam
337 2796 456 2850 fabulam
477 2797 566 2852 noctis
587 2797 668 2870 hujus
688 2815 758 2865 esse,
779 2798 827 2852 sed
848 2798 1009 2870 proditionis
1023 2817 1091 2852 mear
1106 2799 1172 2872 ante

206 2875 256 2934 3⁰⁴⁴
266 2891 309 2928 me
325 2883 505 2928 accusatum:
539 2874 561 2929 si
588 2873 643 2939 iiia,
670 2885 795 2948 separata
818 2875 852 2930 ab
874 2875 935 2939 hac,
950 2893 1020 2929 vana
1034 2875 1174 2932 accusatio

239 2955 257 2990 “
267 2963 334 3016 erat,
350 2951 535 3024 invidiamque
548 2962 623 3006 tuam
643 2953 773 3007 adversus
787 2970 831 3008 me
852 2952 939 3026 magis
961 2951 1043 3024 quim
1068 2953 1173 3010 crimen

239 3035 360 3085 “meum
376 3029 540 3096 indicatura,
554 3029 636 3085 hodie
650 3048 757 3104 quoque
772 3049 833 3086 eam
857 3041 903 3085 aut
925 3031 1103 3103 praetermitti,
1128 3041 1175 3088 aut

240 3109 258 3146 “
268 3107 295 3162 in
323 3107 397 3163 aliud
423 3117 531 3182 tempus
556 3107 677 3176 differri3
711 3119 741 3164 ut
767 3109 976 3182 perspiceretur,
1006 3111 1093 3164 utrum
1121 3128 1175 3184 ego

240 3193 258 3225 ⁴⁴
268 3185 327 3256 tibi,
342 3205 376 3241 an
391 3196 419 3241 tu
443 3186 519 3255 mihi,
534 3205 604 3242 novo
624 3185 735 3258 quidem
749 3197 777 3242 et
790 3185 922 3259 singulari
936 3205 1038 3260 genere
1052 3187 1118 3252 odii,
1133 3187 1175 3244 in-

208 3263 352 3322 ts“sidibs
375 3265 497 3320 fecisses.
537 3263 598 3338 Ego
620 3274 722 3330 tamon,
744 3265 879 3337 quantum
895 3264 922 3319 in
939 3265 990 3319 hac
1005 3265 1095 3320 subiti
1115 3285 1175 3339 per-

240 3342 424 3399 “turbatione
437 3353 541 3417 potero,
556 3343 688 3416 separabo
701 3360 743 3408 ea,
757 3361 818 3415 quae
832 3353 860 3398 tu
876 3342 1023 3398 confudisti
1036 3362 1043 3407 3
1070 3357 1097 3397 et
1111 3361 1176 3398 noc·

241 3421 303 3476 “tis
317 3421 399 3496 hujus
412 3421 536 3486 insidias,
550 3430 598 3475 aut
611 3431 672 3476 tuas
696 3430 743 3476 aut
758 3437 843 3486 meas,
859 3421 995 3494 detegam.
1036 3419 1175 3476 Occiden-

242 3505 260 3540 κ
269 3499 296 3553 di
312 3499 353 3554 sui
367 3498 513 3554 consilium
527 3517 571 3554 me
586 3493 670 3554 inisse
684 3497 769 3553 videri
784 3497 859 3566 vult;
890 3509 919 3554 ut
942 3500 1057 3567 scilicet,
1072 3498 1175 3574 majore

243 3575 351 3632 “fratre
362 3576 478 3642 sobiam,
493 3575 574 3650 cujus
584 3575 645 3651 jure
659 3575 793 3650 gentium,
817 3594 892 3631 more
917 3575 1113 3641 Macedonum,
1128 3588 1176 3634 tuo

211 3655 363 3726 iuuenum,
387 3666 418 3711 ut
430 3654 477 3725 ait,
496 3653 610 3728 jndicio,
631 3663 747 3728 regnum
769 3663 811 3709 est
837 3653 967 3724 futurum,
994 3672 1055 3727 ego,
1077 3655 1175 3726 minor,

244 3741 262 3776 ‘⁴
271 3731 298 3788 in
320 3732 388 3806 ejus,
402 3751 483 3806 quem
496 3731 671 3803 occidissem,
692 3732 871 3792 succederem
894 3732 994 3789 locum.
1034 3731 1112 3791 Quid
1135 3751 1177 3787 er·

213 3805 216 3816 '
245 3819 262 3856 ‘t
272 3829 307 3888 go
323 3810 369 3867 illa
382 3811 434 3868 ribi
448 3809 505 3868 vuit
517 3829 580 3885 pars
600 3809 685 3867 altera
706 3810 846 3877 orationis,
870 3813 923 3884 quta
946 3809 1089 3867 Romanos
1103 3829 1118 3865 a
1131 3828 1176 3866 me
