2622 4194
552 381 652 434 tmnn
666 384 687 436 Ι.
707 395 765 434 cnr.
777 394 812 434 rr.
1104 381 1141 444 ..ἱ

1106 461 1138 506 »i

225 523 335 586 Oreitai
354 534 439 584 matre
458 520 510 582 Ilio
528 524 658 582 incolumi
676 535 765 592 natus,
779 537 924 598 comesque
940 521 1004 582 inde
1016 532 1136 600 patmum

226 605 398 679 sugn,quem
410 603 501 660 lulum
514 603 639 658 eumdem
652 602 727 666 Julia
738 619 806 676 gens
818 611 956 658 auctorem
965 601 1083 658 nominis
1092 603 1135 660 sui

208 691 378 755 nuncupat.
415 680 445 737 ls
465 679 613 745 Ascanius,
629 679 793 752 ubicumque
813 689 841 736 et
859 679 1029 752 qudcumque
1049 689 1135 736 matre

225 757 337 832 genitus
357 756 444 833 (certe
467 767 559 813 natum
582 756 674 812 AEned
698 757 826 833 constat),
846 755 1001 812 abundante
1027 755 1135 813 Lauinii

188 867 191 872 ,
205 833 410 900 multitudine,
424 833 563 890 florentem
577 833 634 907 y'am
648 831 760 906 (uttum
773 834 917 910 reserant)
931 843 1011 908 atque
1023 833 1135 908 opulen-

224 920 280 967 tam
293 911 390 967 urbem
410 911 497 977 matri,
511 927 560 966 sau
580 927 714 980 noverum,
726 909 848 982 reliquit:
867 928 963 966 noram
983 910 1040 984 ipse
1053 910 1134 966 aliam

225 987 277 1044 sub
291 988 400 1045 Albano
413 999 504 1044 monte
517 987 655 1054 condidit3
674 1004 745 1060 qum,
757 986 791 1042 ab
804 987 856 1043 situ
871 996 1000 1060 porrecte
1013 987 1042 1043 in
1055 988 1134 1044 dorso

224 1063 308 1134 urbis,
332 1065 427 1140 Longa
446 1065 519 1121 Alba
537 1063 677 1138 appellata.
723 1063 798 1120 lntar
824 1063 967 1120 Lavinium
986 1074 1014 1120 et
1032 1063 1134 1120 Albam

225 1139 348 1215 Longam
362 1141 494 1198 coloniam
508 1141 653 1197 deductam
667 1139 776 1214 triginta
788 1139 872 1196 ferme
885 1139 1032 1196 interludere
1048 1141 1132 1198 anni:

193 1231 218 1271 io
227 1217 332 1274 tantum
346 1228 437 1274 tamen
456 1237 521 1291 opes
539 1228 688 1280 creverant,
702 1216 816 1272 maxime*
832 1215 897 1273 susis
910 1217 1040 1286 Etruscis,
1053 1227 1084 1274 ut
1097 1235 1132 1274 ne
1163 1285 1170 1297 ο

225 1304 312 1350 morte
325 1296 433 1367 quidem
454 1295 559 1364 dinem,
573 1309 625 1349 nec
638 1293 737 1349 deinde
756 1293 825 1349 inter
844 1293 1003 1349 muliebrem
1019 1293 1132 1350 tutelam

223 1371 460 1444 rudimentumque
479 1371 595 1444 primum
613 1369 723 1443 puerilis
748 1369 834 1443 regni,
854 1388 962 1426 movere
988 1389 1063 1426 mma
1084 1383 1133 1428 aut

224 1445 382 1503 Mezentius
401 1447 571 1518 Etruscique,
586 1457 631 1502 aut
645 1446 691 1502 ulli
711 1445 756 1502 alii
776 1446 876 1502 accolae
895 1447 953 1504 ausi
973 1448 1035 1503 sint
1073 1447 1132 1504 Pax

223 1522 262 1579 its
274 1535 446 1590 convenerat,
460 1533 490 1579 ut
503 1523 625 1579 Etruscis
644 1523 801 1596 Latinisque
814 1522 910 1578 fluvius
923 1523 1024 1578 Albula
1037 1522 1130 1599 (quem

192 1615 216 1654 15
224 1618 299 1656 nunc
321 1600 444 1657 Tiberim
466 1602 575 1677 vocant)
590 1599 652 1656 finis
671 1609 750 1655 esset.
790 1599 889 1656 Silvius
907 1599 1008 1655 deinde
1024 1611 1131 1674 regnat,

223 1677 337 1733 Ascanii
351 1677 430 1746 filius,
444 1695 509 1733 casu
530 1677 646 1752 quodam
659 1676 687 1732 in
701 1676 774 1732 silvis
787 1686 874 1732 natus.
913 1675 942 1731 Is
955 1677 1063 1732 AEnean
1078 1677 1130 1733 Sil-

222 1754 295 1810 vium
315 1767 405 1811 creat:
425 1754 448 1810 is
465 1753 565 1810 deinde
585 1753 714 1809 Latinum
734 1753 856 1809 Silvium.
896 1753 941 1810 Ab
964 1771 997 1809 eo
1015 1753 1129 1810 colonioe

221 1831 321 1904 aliquot
346 1832 478 1900 deducte,
506 1830 593 1887 Prisci
615 1829 706 1886 Latini
732 1830 864 1904 appellati.
909 1830 1011 1886 Mansit
1037 1831 1129 1886 Silviis

221 1918 313 1980 postea
332 1909 458 1964 omnibus
480 1925 641 1982 cognomen,
662 1906 707 1980 qui
728 1907 806 1963 Albae
826 1907 983 1981 regnirunt.
1030 1907 1128 1964 Latino

189 1996 213 2036 so
222 1984 293 2040 Alba
305 1995 387 2054 ortus,
401 1985 473 2040 Alba
486 1985 564 2058 Atys,
579 1985 651 2057 Atye
664 1985 763 2057 Capys,
777 1983 868 2058 Capye
882 1983 1010 2057 Capetus,
1024 1984 1129 2058 Capeto

169 2067 175 2099 ἱ
221 2059 385 2128 Tiberinus;
405 2062 458 2134 qui,
473 2062 501 2118 in
520 2061 634 2134 trajectu
650 2060 755 2116 Albulae
776 2061 862 2117 amnis
882 2061 1043 2129 submersus,
1057 2060 1127 2116 cele·

170 2157 173 2180 ³
221 2136 269 2191 bre
282 2136 317 2191 ad
329 2150 448 2209 posteros
461 2155 559 2192 nomen
573 2137 677 2193 flumini
690 2137 773 2192 dedit.
811 2138 933 2211 Agrippa
953 2137 1024 2208 inde,
1042 2136 1128 2194 Tibe-

164 2222 169 2262 t
220 2213 273 2268 rini
287 2212 374 2279 filius;
393 2222 454 2286 post
466 2212 614 2286 Agrippam
628 2213 762 2268 Romulus
776 2214 884 2279 Silvius,
898 2224 1000 2288 epatre
1014 2225 1127 2287 accepto

220 2289 342 2362 imperio,
355 2299 459 2362 regnat
498 2288 644 2354 Aventino,
659 2287 771 2343 fulmine
784 2289 840 2360 ipse
861 2290 939 2357 ictus,
952 2308 1065 2364 regnum
1078 2309 1126 2362 per

186 2379 315 2422 numanus
328 2366 454 2422 tradidit:
474 2365 505 2434 is,
520 2365 643 2438 sepultus
659 2364 687 2420 in
708 2381 741 2419 eo
760 2363 837 2435 colle,
850 2365 896 2436 qui
909 2383 984 2421 nunc
1002 2375 1044 2421 est
1064 2384 1125 2438 pars

161 2465 173 2534 y
219 2441 352 2498 Romane
373 2443 454 2514 urbis,
474 2460 627 2516 cognomen
647 2440 709 2498 colli
729 2439 801 2497 lecit.
840 2440 927 2497 Proca
948 2442 1047 2498 deinde
1066 2460 1124 2518 reg·

218 2529 279 2574 nat:
309 2519 332 2574 is
351 2519 520 2575 Numitorem
542 2529 621 2590 atque
640 2516 780 2574 Amulium
800 2527 930 2591 procreat.
975 2518 1123 2587 Numitori,

216 2595 263 2666 qni
286 2596 375 2669 stirpis
394 2596 526 2651 maximus
544 2606 610 2666 erat,
630 2612 744 2669 regnum
764 2605 899 2650 vetustum
919 2595 1010 2652 Silviae
1034 2597 1124 2670 gentis

218 2670 297 2744 legat.
345 2671 407 2727 Pliis
426 2683 517 2729 tamen
536 2673 576 2727 vis
595 2672 689 2746 potuit,
712 2670 791 2744 quam
819 2672 940 2728 voluntas
965 2673 1056 2746 patris,
1076 2684 1123 2730 aut

184 2743 382 2804 surereoundia
408 2750 501 2805 aetatis.
547 2748 628 2804 Pulso
654 2749 743 2813 fratre,
763 2748 890 2804 Amulius
908 2760 1022 2824 regnat:
1047 2750 1122 2807 addit

216 2824 315 2882 scabri
328 2825 432 2880 scelus:
452 2826 560 2899 stirpem
575 2825 662 2882 fratris
671 2825 774 2881 virilem
787 2825 932 2881 interimit:
952 2827 1040 2882 fratris
1049 2825 1120 2892 filia,

218 2899 306 2956 Rhere
325 2901 424 2966 Silvia,
443 2921 491 2975 per
511 2902 629 2976 speciem
656 2901 773 2967 honoris,
793 2919 874 2974 quum
902 2901 1039 2957 Vestalem
1060 2919 1120 2958 eam

216 2975 336 3051 legisset,
349 2979 478 3052 perpetud
491 2979 641 3053 virginitate
654 2997 729 3052 spem
741 2981 831 3052 partis
844 2977 946 3034 adimit.

262 3131 311 3188 lv.
339 3133 398 3189 Sed
417 3133 573 3203 debebatur,
593 3143 623 3190 ut
640 3133 744 3208 opinor,
764 3133 825 3190 latis
843 3143 926 3190 tantan
943 3133 1017 3210 origo
1035 3135 1118 3208 urbis,
1167 3141 1169 3150 ’

181 3227 208 3266 ss
216 3209 379 3282 maximique
389 3212 541 3268 secundum
553 3211 671 3267 Deorum
682 3229 747 3285 opes
757 3210 861 3284 imperii
874 3209 1043 3285 principium.
1082 3214 1118 3270 vi

88 3302 95 3313 ·
214 3305 370 3360 compressa
388 3287 514 3358 Vestalis,
533 3307 615 3360 quum
635 3289 773 3362 geminum
790 3297 894 3362 partum
915 3289 1051 3356 edidisset,
1068 3308 1117 3345 seu

217 3361 332 3434 ituram,
343 3383 393 3420 seu
403 3364 468 3438 quia
481 3365 556 3422 Deus
569 3376 661 3420 auctor
673 3364 760 3438 culpae
773 3364 908 3421 honestior
921 3376 986 3431 erat,
1001 3365 1117 3422 Martem

216 3437 326 3496 incertae
334 3441 423 3515 stirpis
430 3452 532 3514 patrem
545 3452 691 3515 nuncupat.
709 3449 711 3456 ’
731 3442 786 3497 Sed
794 3459 846 3496 nec
859 3441 914 3512 Dii,
922 3461 975 3499 nec
985 3441 1116 3513 homines,

215 3525 265 3571 aut
276 3516 360 3590 ipsam
371 3519 419 3574 out
432 3519 541 3592 stirpem
553 3537 570 3574 a
581 3519 739 3576 crudelitate
759 3517 836 3592 regii
855 3519 1009 3576 vindicant:
1029 3536 1117 3576 succr-

180 3592 265 3654 mdos
277 3593 366 3650 vincta
378 3595 407 3651 in
420 3595 570 3652 custodiam
580 3597 670 3664 datur;
683 3614 780 3670 pueros
793 3596 820 3651 in
830 3595 1006 3671 profluentem
1019 3614 1115 3669 aquam

214 3669 285 3726 mitti
307 3669 390 3744 jubet.
437 3671 517 3729 Forte
537 3673 652 3745 quddam
672 3673 799 3728 divinitus
818 3692 897 3747 super
915 3674 986 3747 ripas
1005 3673 1115 3731 Tiberis

211 3746 315 3806 effusus
333 3747 438 3805 lenibus
455 3749 567 3824 stagnis,
588 3769 640 3806 nec
659 3750 726 3808 adiri
743 3767 854 3824 usquam
874 3751 908 3807 ad
924 3750 989 3826 justi
1007 3768 1115 3808 cursum
