2622 4194
165 301 206 372 se
547 285 710 358 manuni
778 277 820 285 ”
909 321 910 340 r

188 444 344 514 Malu.
375 439 472 505 Quum
485 451 638 514 promptum
651 438 759 515 boejus
771 437 844 502 velut
862 442 897 502 ex'
915 434 1032 522 oucule
1044 436 1086 504 tn·

166 528 324 592 corruptum
337 519 437 592 pariter
456 517 490 576 ab
504 517 546 576 his
558 517 657 580 summi
673 511 812 589 infimique
825 515 935 582 terrent,
949 527 1006 580 tum
1020 516 1087 593 legis

167 592 218 652 bus
231 595 383 670 condepdis
394 613 478 670 opere
490 595 620 655 dabaturr
646 593 805 668 ingentique
818 593 959 658 heminam
972 609 1087 668 exspecs

165 669 268 731 tatione
281 672 424 747 propositis
436 672 532 728 decem
545 671 653 738 tabulis,
667 670 797 746 populum
810 669 845 726 ad
864 670 1026 734 concionem
1040 671 1086 734 ad·

165 753 349 810 veteretum:
382 759 419 816 et,
440 749 539 823 “qued
553 749 665 820 bonum,
684 747 814 813 launum,
828 746 945 820 felixque
957 747 1085 822 reipubli·
1105 757 1121 800 θ’

165 824 184 857 “
193 843 243 898 oae,
257 826 332 900 ipsir,
345 826 490 900 liberisque
503 845 597 885 eorum
608 836 689 897 esset,
709 824 758 896 ire,
778 834 806 882 et
825 821 916 898 legere
939 823 1013 899 leges
1025 843 1086 899 pre-

152 902 185 978 ,“
193 904 294 978 positas
302 903 318 930 ’¹
343 903 456 978 jussere.
507 905 584 970 “Se
610 901 741 977 quantdnr
766 902 864 961 decem
884 901 1024 961 hominum
1044 902 1086 961 in·

92 1027 97 1037 .
165 979 283 1055 “geniis
296 981 430 1054 provideri
442 981 567 1056 potuerit,
581 980 708 1037 omnibus
728 978 841 1056 summis
855 978 1008 1053 infimisque
1025 978 1088 1053 jura

90 1073 92 1080 ·
166 1057 335 1131 “aquesse:
372 1057 434 1132 plus
459 1057 560 1132 pollere
589 1057 734 1115 multorum
766 1055 879 1130 ingenia
909 1055 1086 1129 consiliaque

67 1152 69 1159 ’
167 1135 185 1168 “
194 1135 343 1192 Versarent
356 1135 384 1192 in
398 1135 496 1204 animis
509 1153 605 1192 secum
619 1151 836 1207 unamquamque
849 1151 922 1201 rem3
952 1133 1121 1207 agitarentur

167 1213 185 1246 “
194 1212 293 1276 deinde
314 1213 501 1280 sermonibus;
525 1223 605 1285 atque
626 1211 655 1268 in
675 1211 806 1280 medium,
819 1209 883 1284 quid
897 1210 926 1267 in
938 1211 1044 1284 quique
1057 1229 1087 1270 re

166 1291 185 1324 “
194 1289 254 1363 plus
267 1289 390 1346 minusve
403 1299 485 1361 esset,
498 1290 664 1346 conferrent.
685 1288 740 1344 Eas
748 1287 823 1362 leges
836 1287 991 1344 habiturum
1004 1307 1088 1362 popu·

166 1368 252 1426 “lum
282 1367 542 1439 Romanum,’quas
571 1385 721 1423 consensus
748 1364 870 1421 omniurn
894 1383 949 1420 non
973 1363 1086 1438 jussisse

168 1445 264 1501 “latas
277 1443 373 1517 magis,
394 1441 474 1516 quam
498 1443 600 1514 tulisse,
614 1442 700 1500 videri
721 1442 840 1516 posset.”
878 1440 975 1501 Quum
989 1442 1023 1498 ad
1043 1461 1086 1498 ru·

168 1539 257 1580 mores
270 1521 411 1577 hominum
422 1521 457 1576 de
470 1539 633 1594 unoquoque
649 1520 740 1594 legum
761 1518 851 1592 capite
864 1519 938 1576 edito
951 1518 1016 1576 satis
1029 1531 1119 1576 eor-1⁵

166 1609 252 1659 aeetae
265 1599 431 1664 viderentur,
446 1598 605 1655 centuriatis
616 1585 837 1653 comitiis'decem
846 1595 999 1652 tabularum
1013 1595 1089 1671 leges

166 1675 277 1751 perlatas
291 1685 370 1742 sunt3
402 1675 449 1749 qui
471 1693 546 1730 nunc
567 1691 682 1747 quoque,
705 1673 734 1729 in
755 1673 808 1730 hoc
821 1672 954 1730 immenso
973 1673 1088 1730 aliarum

167 1770 250 1826 super
264 1750 330 1806 alias
353 1761 538 1807 acervatarum
558 1751 650 1824 legum
663 1748 784 1821 cumulo,
798 1749 857 1806 fons
876 1749 966 1806 omnis
984 1751 1088 1824 publici

168 1828 316 1904 privatique
329 1837 371 1884 est
387 1827 463 1902 juris.
515 1827 649 1902 Vulgatur
663 1826 763 1882 deinde
783 1845 884 1893 rumor,
904 1826 972 1882 duas
992 1826 1087 1884 deesse

168 1906 291 1973 tabules;
324 1904 421 1978 quibus
434 1903 557 1980 adjectis
578 1903 679 1960 absolvi
698 1921 780 1978 posse
796 1903 869 1959 velut
888 1922 987 1978 corpus
998 1904 1122 1960 orruisse

168 1982 290 2040 Romani
301 1982 393 2056 juris·
416 1981 460 2046 Ea
476 1981 652 2056 exspectatio,
673 2000 756 2055 quum
778 1979 838 2036 dies
850 1978 1021 2038 comitiorum
1041 1997 1087 2056 ap·

168 2060 367 2134 propinquaret,
389 2059 554 2115 desiderium
576 2059 744 2118 decemviros
763 2058 861 2116 iterum
881 2058 993 2114 creandi
1014 2057 1087 2116 fecit.

168 2135 187 2192 J
189 2155 232 2192 am
244 2136 330 2210 plebs,
344 2145 521 2210 praeterquem
542 2135 614 2211 qudd
636 2136 779 2192 consulum
797 2153 907 2202 nomen,
922 2135 995 2191 haud
1009 2154 1090 2192 secus

169 2212 250 2286 quarn
264 2231 368 2287 regum,
381 2224 556 2288 percuteret,
577 2228 613 2270 ne
626 2211 803 2270 tribunicium
816 2213 927 2286 quidem
946 2211 1087 2285 auxilium,

170 2290 334 2348 cedentibus
348 2290 466 2348 invicem
479 2291 658 2366 appellatione
671 2290 842 2362 decemviris,
855 2289 1001 2364 quaerebas
1095 2299 1120 2340 es

169 2443 170 2446 ’
208 2441 333 2504 XXXV.
365 2446 511 2519 Postquam
524 2445 587 2501 verb
610 2444 721 2502 comitia
739 2443 902 2502 decemviris
915 2444 1041 2500 creandis
1059 2443 1088 2501 in

109 2527 111 2535 ’
169 2523 271 2580 trinum
293 2523 448 2580 nundinum
467 2522 571 2578 indicta
589 2531 670 2590 sunm
703 2532 778 2580 tante
800 2521 900 2578 exarsit
920 2522 1038 2592 ambitio,
1058 2531 1088 2578 ut

169 2600 302 2674 primores
321 2617 428 2673 quoque
447 2598 564 2654 civitatis
584 2597 681 2673 (metu,
702 2601 794 2672 credo,
813 2617 848 2654 ne
868 2598 936 2656 tanti
955 2598 1089 2673 possessio

156 2677 286 2751 imperii,
302 2695 388 2732 vacuo
402 2676 436 2732 ab
448 2693 478 2731 se
497 2675 592 2732 relicto
607 2675 677 2748 loco,
695 2677 768 2732 baud
789 2676 854 2732 satis
867 2675 958 2750 dignis
970 2675 1088 2750 peteret)

170 2765 332 2826 prensarent
344 2753 487 2820 bnnrines3
514 2753 653 2824 bonorem,
667 2755 773 2809 summi
791 2772 842 2827 ope
861 2772 878 2809 a
897 2771 926 2812 se
946 2752 1121 2827 impugna-au

170 2839 239 2898 turn,
252 2827 287 2884 ab
300 2828 332 2883 ed
345 2827 434 2901 plebe,
447 2847 511 2887 cum
528 2831 580 2902 quai
593 2830 800 2903 contenderent,
820 2830 977 2904 suppliciter
996 2840 1089 2904 peten-

169 2915 220 2962 tes.
259 2905 386 2962 Demissa
401 2905 458 2980 jam
477 2906 506 2964 in
525 2908 672 2966 discrimen
692 2907 821 2984 dignitas,
840 2909 875 2964 eal
895 2916 982 2978 aetate,
1002 2907 1089 2980 iisque

169 2982 318 3046 bonoribus
331 2982 408 3053 sctis,
422 2983 577 3042 stimulabat
591 2987 640 3058 Ap.
650 2985 805 3042 Claudiurn.
844 2983 982 3053 Nescisse,
996 2983 1088 3040 utrum

170 3059 241 3116 inter
254 3059 431 3128 decemviros,
446 3079 481 3118 en
501 3061 573 3118 inter
594 3062 762 3128 candidatos¹
773 3079 938 3127 numerares.
977 3059 1089 3134 Propior

132 3155 133 3162 ¹
169 3135 307 3194 interdum
319 3137 446 3212 petendo,
459 3138 539 3212 quam
548 3140 678 3213 gerendo,
688 3138 856 3213 magistratui
867 3149 942 3194 erat:
962 3136 1122 3200 crimina-³5

169 3213 194 3270 ri
212 3215 366 3288 optimates,
386 3215 515 3272 extollere
544 3216 750 3278 candidatorum
768 3215 935 3281 levissimum
954 3233 1088 3289 quemque

169 3290 422 3364 humillimumque:
443 3293 501 3368 ipse
513 3292 620 3350 medius
634 3293 703 3358 inter
716 3293 876 3358 tribunicios
895 3291 1001 3350 Duilius
1014 3291 1089 3351 Icili·

168 3386 254 3442 osque
274 3368 303 3434 in
323 3368 381 3428 fero
399 3370 519 3438 volitare,
539 3371 667 3445 perillus
686 3389 716 3436 se
734 3369 808 3445 plebi
821 3370 976 3438 venditum
999 3369 1090 3438 donec

169 3447 283 3522 college
296 3463 411 3518 quoque,
424 3449 470 3520 qui
484 3448 566 3514 unice
580 3447 618 3506 illi
632 3447 717 3514 dediti
737 3448 845 3514 luerent
864 3448 899 3514 td
921 3447 948 3512 id
971 3457 1089 3522 tempus,

169 3522 316 3597 aeejeedre
329 3523 357 3590 in
376 3540 441 3592 earn
459 3526 563 3592 oculos,
583 3524 714 3587 mirantes
727 3526 792 3599 quid
804 3525 856 3592 sibi
869 3523 958 3591 vellet·
997 3526 1125 3601 appan

169 3615 241 3668 rere,
254 3597 323 3655 nihil
334 3600 433 3656 sinceri
446 3620 523 3660 esse:
540 3607 542 3612 “
562 3605 580 3638 “
588 3601 713 3659 Profecto
726 3603 800 3668 haud
812 3603 957 3678 gratuitum
971 3602 1000 3672 iu
1012 3604 1091 3670 tenid

169 3675 297 3750 superbia
316 3676 473 3735 comitatem
492 3680 567 3738 sore:
606 3678 721 3757 nimium
747 3679 777 3737 in
803 3680 927 3739 ordinem
951 3700 981 3739 se
1001 3681 1090 3759 ipsum
