2638 4206
163 307 221 384 tta
552 305 618 362 rtur
634 306 715 361 ttru
778 339 782 346 ,

200 446 342 512 XXXVI.
374 445 453 511 Mitis
474 445 585 526 legatio,
599 450 804 525 nipreseroces
817 449 932 528 legatos,
952 448 1096 526 Gallisque

162 528 252 604 magis
271 528 353 602 quam
373 526 510 587 Romanis
522 526 635 594 similes,
647 527 805 586 habuisset:
826 529 935 606 quibus,
950 539 1094 604 postquam

162 606 293 668 mandata
305 606 451 664 ediderunt
471 604 500 662 in
520 605 639 662 concilio
652 605 804 672 Gallorum,
819 606 898 667 datur
917 625 1093 680 responsum:

164 683 253 744 “Etsi
266 702 367 744 novum
380 701 481 741 nomeu
494 681 607 742 audiant
618 683 818 750 Romanorum,
831 695 921 746 tamen
933 683 1046 742 credere
1058 683 1095 742 vi·

165 770 183 800 “
192 779 236 818 ros
250 759 333 819 sortes
345 780 415 827 esse,
429 779 544 838 quorum
559 761 691 821 auxilium
705 761 854 822 aClusinis
865 762 893 820 in
904 781 933 818 re
944 761 1049 834 trepida
1061 761 1096 820 sit
1115 777 1132 824 a
1232 757 1235 767 ¹

163 848 183 874 ⁸⁴
194 838 385 914 imploratum:
406 849 443 906 et,
457 838 586 912 quoniam
600 837 736 917 legatione
747 840 878 896 adversus
896 857 925 898 se
940 837 1094 910 maluerint,

166 926 183 955 ‘⁶
193 917 276 992 quam
290 917 382 983 armis
396 917 467 974 tucri
480 916 579 982 socios,
591 916 782 990 nesequidem
796 935 901 997 pacem,
915 935 997 990 quam
1008 915 1046 975 illi
1057 916 1097 976 af·

165 993 291 1066 “lerant
305 993 473 1070 adspernari,
494 993 517 1052 si
538 994 635 1066 Gallis,
655 995 801 1070 egentibus
820 1014 894 1070 agro,
908 1013 992 1072 quem
1010 992 1097 1054 latius

166 1071 352 1148 “possideant
364 1073 445 1147 quam
459 1072 552 1131 colant
565 1071 683 1140 Clusini,
699 1085 803 1148 partem
817 1072 914 1133 linium
924 1072 1096 1131 concedant:

166 1150 273 1206 “alitor
286 1169 382 1226 pacem
407 1149 546 1224 impetrari
569 1169 625 1206 non
639 1169 727 1224 posse.
767 1150 805 1210 Et
824 1169 984 1226 responsum
1004 1168 1134 1210 coramro

114 1260 118 1271 ι
167 1227 332 1286 “Romanis
346 1228 472 1302 accipere
483 1225 571 1284 velle:
592 1239 629 1300 et,
641 1226 663 1284 si
677 1237 793 1304 negetur
804 1247 878 1306 ager,
893 1247 986 1290 coram
1000 1226 1099 1287 iisdem

166 1306 332 1364 “Romanis
341 1307 526 1371 dimicaturos,
536 1316 567 1363 ut
577 1306 824 1366 nuntiaredomum
834 1316 953 1382 possent,
962 1305 1099 1380 quantum

167 1383 269 1442 “Galli
283 1384 381 1442 virtute
395 1393 508 1443 ceteros
522 1383 648 1442 mortales
661 1383 849 1460 prestarenr.”
878 1383 1056 1460 “Quodnam
1070 1383 1099 1440 id

167 1471 187 1497 “
194 1461 239 1536 jus
251 1471 333 1527 esset,
348 1480 444 1536 agrum
458 1480 475 1518 a
487 1462 688 1538 possessoribus
698 1473 801 1536 petere,
813 1472 861 1522 aut
871 1460 969 1520 minari
981 1461 1097 1522 armal”

168 1537 305 1597 Romanis
325 1538 520 1613 quaerentibus,
540 1549 577 1605 et,
603 1539 697 1613 “quid
711 1540 739 1595 in
760 1539 872 1597 Etrurid
891 1539 931 1595 rei
951 1538 1038 1595 Gallis
1057 1557 1099 1594 es·

167 1626 188 1653 ‘⁸
197 1629 239 1674 set
250 1620 260 1672 l
270 1617 288 1644 '²
309 1637 393 1690 quum
407 1617 456 1686 illi,
478 1626 495 1651 ‘⁴
505 1635 535 1672 se
548 1616 577 1672 in
592 1618 674 1676 armis
691 1617 737 1692 jus
750 1617 830 1684 ferre,
844 1627 872 1674 et
884 1616 978 1676 omnia
991 1615 1099 1673 sortium
1110 1637 1137 1678 1⁵

166 1703 188 1730 ⁴⁴
197 1694 316 1752 virorum
329 1693 418 1762 esse,”
434 1693 560 1750 ferociter
571 1694 705 1766 dicerent,
718 1695 845 1754 accensis
855 1695 990 1768 utrimque
1001 1694 1101 1754 animis

166 1771 205 1828 ad
225 1789 302 1826 arma
321 1771 491 1840 discurritur,
512 1780 540 1826 et
562 1771 688 1849 proelium
706 1773 868 1832 conseritur.
908 1771 961 1842 Ibi,
979 1771 1036 1846 jam
1057 1790 1101 1828 ur·

165 1848 300 1923 gentibus
320 1848 478 1904 Romanam
497 1848 594 1906 urbem
615 1848 685 1919 satis,
706 1849 789 1925 legati
803 1862 899 1910 contra
918 1850 964 1929 jus
977 1849 1101 1924 gentium

168 1943 247 1984 arma
259 1926 388 1999 capiunt:
419 1943 473 1982 nec
497 1926 524 1982 id
544 1926 615 1986 clam
637 1945 697 1984 esse
717 1928 813 2004 potuit,
833 1947 918 2003 quum
939 1937 1003 1984 ante
1023 1927 1104 2002 signa

170 2001 350 2062 Etruscorum
365 2015 419 2064 tres
433 2001 595 2064 nobilissimi
613 2002 807 2080 fortissimique
829 2005 965 2064 Romane
976 2005 1137 2080 juventu-or

170 2079 206 2144 tis
229 2091 401 2158 pugnarent:
434 2080 542 2140 tantum
562 2081 702 2140 eminebat
722 2085 868 2158 peregrina
890 2083 983 2144 virtus
1023 2081 1103 2144 Quin

170 2162 255 2224 auam
268 2160 306 2223 Q.
322 2160 434 2226 Fabius,
454 2173 567 2218 evectus
579 2169 656 2220 extra
676 2159 765 2218 aciem
788 2179 868 2236 equo,
889 2161 990 2220 ducem
1013 2159 1106 2218 Gallo·

172 2258 242 2309 rum,
255 2239 383 2300 ferociter
407 2240 435 2296 in
456 2238 514 2314 ipsa
536 2237 616 2314 signa
637 2237 815 2296 Etruscorum
840 2239 1036 2306 incursantem,
1056 2255 1105 2312 per

170 2318 244 2376 latus
267 2317 430 2374 transfixum
450 2315 540 2388 hasti,
565 2315 686 2374 occidit:
719 2315 859 2392 spoliaque
886 2315 945 2390 ejus
965 2315 1105 2390 legentem

171 2395 246 2456 Galli
266 2397 421 2470 agnoverat
453 2411 555 2469 perque
576 2403 661 2452 totam
684 2394 782 2464 aciem,
803 2393 963 2452 Romanum
983 2391 1141 2468 legatumas

171 2492 247 2540 osse,
260 2474 371 2547 signum
386 2473 479 2532 datum
493 2482 542 2528 est.
582 2471 695 2530 Omissa
716 2471 780 2532 iude
795 2471 823 2530 iu
843 2471 973 2530 Clusinos
994 2469 1042 2540 irs,
1064 2489 1106 2527 re·

170 2550 268 2625 captui
290 2559 403 2620 canunt,
425 2549 562 2608 minantes
585 2547 730 2608 Romanis.
771 2545 866 2615 Erant,
890 2549 936 2626 qui
966 2547 1106 2622 extemplo

176 2628 298 2688 Romam
311 2627 434 2686 eundum
448 2636 609 2686 censerent:
639 2625 731 2686 vicere
745 2626 876 2694 seniores,
891 2637 921 2684 ut
934 2625 1015 2702 legati
1030 2623 1106 2700 prius

174 2706 349 2768 mitterentur
367 2717 493 2779 questum
520 2704 642 2780 injurias,
664 2703 894 2780 postulatumque,
920 2714 958 2773 ut,
979 2723 1027 2779 pro
1044 2703 1106 2777 jura

174 2785 302 2860 gentium
323 2784 431 2855 violato,
445 2781 525 2840 Fabii
541 2783 716 2840 dederentur.
755 2781 855 2858 Legati
868 2782 1009 2844 Gallorum
1022 2799 1105 2855 quum
1114 2795 1142 2836 ru

174 2882 221 2935 ea,
237 2863 313 2920 sicut
331 2874 410 2920 erant
422 2861 560 2932 mandata,
581 2860 780 2938 exposuissent,
802 2861 909 2919 senatui
930 2879 983 2920 nec
1004 2859 1108 2920 sactum

178 2941 305 3016 placebat
329 2940 487 3012 Fabiorum,
512 2949 540 2996 et
566 2938 611 3013 jus
638 2937 775 3014 postulare
798 2938 906 2996 barbari
926 2935 1108 2996 videbantur:

178 3019 237 3087 sed,
264 3018 358 3084 aeid,
377 3017 449 3091 quod
469 3016 604 3090 placebat,
627 3017 789 3076 decerneret
812 3016 841 3074 in
854 3025 937 3074 tante
958 3011 1110 3071 nobilitatis

180 3095 254 3165 viris,
268 3095 380 3152 ambitio
392 3095 525 3152 obstabat.
566 3094 671 3168 Itaque,
693 3113 727 3150 ne
747 3112 833 3171 penes
846 3092 919 3166 ipsos
942 3088 1023 3164 culpa
1036 3097 1110 3148 esset

180 3171 268 3230 cladis
281 3172 349 3231 sorte
361 3172 469 3230 Gallico
483 3171 554 3228 bello
567 3182 698 3246 accepte,
712 3171 898 3248 cognitionem
912 3169 947 3229 de
967 3166 1144 3242 postulatisas

180 3249 323 3311 Gallorum
336 3251 370 3306 ad
384 3250 514 3325 populum
529 3249 676 3324 rejiciunt3
705 3249 752 3308 ubi
770 3244 845 3308 tantd
855 3243 917 3324 plus
928 3245 1016 3326 gratia
1029 3255 1145 3336 atqua?

179 3346 248 3404 opas
262 3326 380 3400 valuere,
393 3339 433 3402 ut,
446 3346 561 3403 quorum
575 3328 609 3383 de
623 3325 705 3404 poeud
718 3326 859 3402 agebatur,
874 3325 976 3390 tribuni
991 3321 1110 3388 militum
1126 3339 1140 3396 ;,

180 3404 322 3468 consulari
335 3415 467 3478 potestate
481 3405 509 3462 in
523 3404 713 3480 insequentem
728 3424 831 3464 annum
846 3413 1013 3466 crearentur.
1043 3399 1112 3465 Quo
1126 3429 1146 3503 ἓ

184 3485 267 3551 lacto,
281 3483 355 3550 haud
368 3501 449 3544 secus
461 3481 543 3557 quam
557 3482 672 3560 dignum
692 3494 759 3554 ctat,
783 3481 884 3544 infensi
903 3480 986 3551 Galli,
1008 3478 1113 3538 bellum
1127 3505 1133 3518 ·

184 3562 324 3636 propalam
338 3560 482 3634 minantes,
497 3561 531 3620 ad
545 3580 609 3622 suos
621 3561 745 3623 redeunt.
784 3559 904 3621 Tribuni
917 3559 1035 3618 militurn
1049 3575 1113 3614 curn
1127 3562 1141 3607 t

183 3638 272 3695 tribus
285 3639 380 3695 Fabiis
393 3638 477 3695 creati
490 3637 529 3700 Q.
545 3637 684 3714 Sulpicius
698 3639 820 3716 Longus,
833 3637 872 3702 Q·
888 3637 1020 3701 Servilius
1035 3653 1115 3714 quat·
1128 3624 1142 3666 ⁹

182 3716 253 3789 turn,
266 3717 325 3778 Ser.
340 3716 485 3775 Cornelius
498 3715 708 3793 Maluginensis.
1000 3731 1005 3743 ·
1129 3682 1152 3769 J!
