2622 4194
141 309 183 386 ἡ
520 317 588 370 rrrr
604 306 686 370 eluti
744 316 746 322 ·

144 465 204 524 lllllr
218 461 497 520 edrertsertatettttt
516 463 608 540 reges)
634 462 732 519 viritim
755 459 918 540 sudltgium
935 461 1075 524 eteeurt

144 543 297 613 eodemque
308 539 370 614 jord
386 541 540 612 promiscue*
561 541 689 596 omuibus
709 541 803 598 datum
821 548 877 597 est:
910 544 959 599 sed
972 544 1074 618 gradus

144 620 220 685 sueti,
235 620 367 691 utusque
381 617 510 674 exclusus
521 617 666 692 quisquam
687 619 818 694 suffragio
830 619 976 693 videretur¹¹
990 630 1018 678 et
1032 621 1074 678 viis

142 696 233 753 omnis
245 711 331 770 penes
349 693 481 769 primores
494 695 613 752 civitatis
632 704 713 754 esset.
765 695 879 770 Equites
899 699 974 755 enim
994 717 1074 756 voea-

143 775 243 830 bantur
255 773 353 848 primi3
372 774 512 847 octoginta
524 773 590 830 inde
602 774 697 849 prime
710 775 806 838 classis
820 777 967 833 centuriae:
998 777 1035 833 ibi
1049 776 1072 834 si
1093 792 1107 830 ⁵

143 852 268 922 variaret,
284 851 356 925 quod
369 851 430 906 rard
443 851 593 918 incidebat,
607 862 638 909 ut
650 853 780 910 secunde
791 852 886 909 classis
896 864 1071 912 nocerentur:

142 937 197 986 nec
211 929 267 986 sere
281 945 401 1001 unquam
414 928 484 984 inlrrl
506 929 544 985 ite
565 931 774 1000 descenderent,
796 939 826 988 ut
844 932 878 987 ad
893 932 1001 990 intimos
1013 943 1073 1007 per·

122 1033 123 1036 ¹
142 1008 277 1064 venirent.
318 1006 381 1062 Nee
395 1007 485 1062 mirari
499 1017 613 1081 oportet,
629 1009 703 1064 huno
716 1008 851 1080 ordinem,
865 1011 911 1082 qui
925 1029 1001 1067 nunc
1021 1019 1071 1077 est,

142 1097 205 1160 post
224 1086 346 1159 expletas
366 1085 486 1158 quinque
506 1099 534 1141 et
553 1086 666 1160 triginta
686 1086 781 1156 tribus,
813 1088 952 1162 duplicato
977 1103 1072 1145 earum

141 1178 268 1230 numero,
283 1162 417 1218 centuriis
426 1162 566 1236 juniorum
589 1163 792 1237 seniorumque,
814 1165 848 1220 ed
871 1165 1023 1222 institutam
1038 1167 1072 1222 ab
1082 1181 1106 1218 ru

143 1241 240 1298 Servio
253 1234 348 1297 Tullio
361 1257 497 1296 summum
510 1259 566 1298 non
585 1241 751 1298 convenire:
784 1243 977 1316 quadrifariam
997 1245 1072 1315 enim

141 1320 210 1375 urbe
230 1318 316 1374 divisit
336 1318 494 1392 regionibus
514 1317 693 1392 collibusque,
713 1339 773 1394 quae
791 1321 948 1379 habitantur
971 1333 1071 1396 partes,

141 1397 249 1453 Tribus
269 1415 316 1452 eas
336 1394 498 1469 appellavit3
531 1407 565 1462 ut,
581 1414 633 1470 ego
653 1397 776 1464 arbitror,
797 1398 832 1453 ab
851 1399 974 1468 tributo'3
1007 1419 1070 1454 nam

140 1475 202 1550 ejus
214 1491 323 1549 quoque
338 1473 476 1546 equaliter
497 1490 532 1530 err
551 1493 637 1530 censu
651 1475 812 1531 conferendi
832 1476 867 1530 ab
886 1475 984 1532 eodem
1004 1478 1073 1533 inite

140 1554 210 1610 ratio
224 1561 273 1610 est.
313 1551 469 1624 Nequehae
482 1552 569 1608 tribus
590 1553 624 1608 ad
645 1553 830 1610 centuriarum
851 1554 1071 1612 distributionem
1081 1569 1104 1607 15

140 1647 342 1703 numerumque
356 1629 503 1702 quidquam
517 1630 682 1704 pertinuere.

179 1787 286 1843 XLIV.
308 1785 402 1842 Consu
417 1787 548 1860 perlecto,
562 1805 643 1860 quem
663 1797 845 1844 maturaverat
859 1797 933 1843 metu
953 1789 1022 1862 legis
1036 1790 1071 1846 de

141 1865 265 1922 incensis
278 1865 340 1920 lutee
363 1883 427 1920 cum
449 1864 622 1920 vinculorum
643 1865 728 1921 minis
748 1865 903 1938 mortisque,
924 1866 1019 1932 edixit,
1039 1877 1071 1922 ut

139 1960 237 2000 omnes
256 1942 332 1999 cives
352 1941 483 2008 Romani,
506 1943 611 2015 equites
631 1942 800 2016 peditesque,
825 1941 853 1997 in
877 1943 933 1998 suis
956 1944 1070 2016 quisque

139 2020 281 2090 centuriis,
304 2019 333 2075 in
351 2017 458 2093 Campo
480 2020 582 2076 Martio
602 2021 691 2094 primi
711 2021 774 2076 luce
796 2020 936 2076 adessent·
972 2020 1015 2076 Ibi
1029 2022 1103 2084 imno

139 2109 275 2154 structum
288 2097 441 2153 exercitum
455 2115 565 2154 omnem
579 2098 806 2154 suovetaurilibus
820 2098 957 2155 lustravit:
988 2099 1070 2172 idque

140 2175 277 2232 conditum
290 2175 402 2230 lustrum
415 2175 588 2249 appellatum,
611 2177 676 2250 quia
696 2177 718 2232 is
742 2176 883 2232 censendo
905 2177 968 2232 linis
982 2176 1070 2232 lactus

139 2263 190 2310 est.
231 2252 971 2328 Milliaoctogintaeolustrooiriumcensadicuntur.
1011 2255 1070 2310 Ad·
1114 2298 1118 2322 ἶ

137 2332 199 2408 jieit
224 2331 387 2404 scriptorum
408 2331 622 2405 antiquissimus,
646 2331 750 2386 Fabius
770 2330 871 2395 Pictor,
898 2349 1002 2398 eorum,
1022 2332 1069 2405 qui
1119 2328 1121 2334 ’
1216 2377 1219 2390 i

140 2410 211 2466 serre
224 2420 432 2481 armepossent,
453 2425 516 2463 eum
537 2425 681 2464 numerum
696 2407 787 2464 luisse.
828 2409 874 2464 Ad
897 2427 958 2465 eam
979 2410 1103 2470 multi-ss

140 2487 265 2542 tudinem
288 2485 353 2540 urbs
374 2503 481 2558 quoque
503 2485 696 2558 amplificanda
719 2485 776 2541 vise
795 2495 845 2542 est.
890 2487 978 2543 Addit
1001 2488 1069 2543 duos

139 2562 234 2629 colles,
260 2561 436 2622 Quirinalem
463 2561 700 2635 Viminalemque:
733 2563 798 2620 inde
828 2563 960 2638 deinceps
987 2575 1070 2639 auget

138 2639 294 2714 Esquilias:
314 2639 406 2713 ibique
420 2639 488 2714 ipse,
509 2650 540 2696 ut
552 2641 613 2696 loco
627 2641 745 2714 dignitas
759 2641 845 2713 fieret,
859 2642 971 2698 habitet.
1012 2644 1069 2716 Ag·

105 2714 107 2722 ’
139 2734 205 2796 gere
229 2727 257 2774 et
279 2716 358 2774 fossis
380 2727 407 2774 et
430 2736 508 2774 muro
528 2718 682 2774 circumdat
704 2719 817 2776 urbem:
850 2719 887 2776 ita
907 2719 1068 2794 pomoerium

142 2797 253 2872 profert.
281 2796 544 2862 Pomaer·ium‚verbi
559 2797 612 2852 vim
627 2797 710 2852 solam
726 2797 873 2867 intuentes,
882 2799 1100 2872 postruoeriumso
1192 2846 1195 2850 .

139 2875 351 2949 interpretantur
365 2893 434 2930 esse.
474 2874 524 2931 Est
538 2885 628 2930 autem
651 2875 739 2949 magis
762 2876 837 2931 circe
859 2891 968 2930 murum
982 2876 1068 2945 locus,

135 2971 222 3026 quem
241 2953 271 3008 in
291 2953 444 3009 condendis
463 2952 576 3028 urbibus
595 2954 732 3026 quondam
756 2952 876 3022 Etrusci,
889 2953 946 3026 quia
959 2963 1068 3007 murum

139 3031 249 3086 ducturi
263 3040 350 3095 erant,
362 3030 445 3086 certis
457 3029 533 3086 circi
547 3031 671 3086 terminis
679 3029 841 3104 inaugurati>
852 3029 1067 3096 consecrabant}

97 3155 101 3165 i
138 3113 171 3164 u't
190 3125 280 3179 neque
301 3107 429 3164 interiore
451 3119 527 3182 parte
548 3107 665 3164 aedificia
682 3108 818 3163 moeuibus
831 3107 1067 3178 continuarentur,

139 3203 200 3261 quae
213 3201 290 3242 nuno
303 3183 383 3258 vulgo
396 3185 479 3242 etiam
493 3186 683 3260 conjungunt3
711 3195 739 3240 et
761 3185 932 3240 extrinsecus
945 3185 1005 3258 puri
1020 3184 1101 3241 ali-as

139 3263 205 3339 quid
219 3262 254 3318 ab
267 3263 387 3319 humano
402 3265 478 3339 cultu
500 3274 605 3338 pateret
619 3263 677 3318 soli.
718 3261 781 3318 Hoc
794 3263 920 3335 spatium,
935 3263 1007 3336 quod
1020 3279 1068 3318 nes

139 3361 193 3417 que
207 3339 323 3398 habitari
337 3357 426 3412 neque
440 3342 510 3398 arari
522 3341 565 3398 les
585 3351 651 3411 erat,
673 3359 729 3396 non
752 3338 840 3414 magis
852 3339 926 3414 qudd
935 3348 1000 3415 post
1011 3347 1068 3394 mri-

139 3426 293 3484 rumorem,
307 3415 389 3490 quim
403 3419 474 3491 qudd
486 3437 580 3476 murus
593 3429 652 3491 post
661 3418 697 3483 id,
712 3417 875 3492 pomoerium
889 3417 1010 3475 Romani
1022 3431 1068 3491 ap*

138 3497 290 3578 pellerent:
311 3494 380 3550 etin
395 3496 469 3552 urbis
487 3497 668 3560 incremento,
690 3512 806 3570 semper,
819 3494 951 3568 quantdm
964 3496 1068 3552 moenia

139 3591 301 3649 processura
308 3583 395 3637 erant,
406 3575 516 3630 tantum
526 3573 636 3630 termini
648 3573 676 3629 hi
686 3573 840 3632 consecrati
850 3572 1066 3647 proferebantur,
1075 3584 1101 3630 to
