2638 4206
161 365 200 427 tlt
546 359 614 416 *reri
630 361 713 415 mvn

161 486 287 569 “tricem
300 507 464 583 percontari,
477 507 542 581 quid
556 508 608 564 hoc
622 508 661 565 rei
682 506 735 576 sit3
768 516 807 578 ut,
828 506 851 563 si
865 503 932 564 falsi
941 501 1022 581 patei
1034 506 1095 566 dic·r

162 592 233 645 “tus
253 605 323 656 sum,
344 585 461 660 equ-iore
488 585 553 641 binc
574 585 666 641 animo
686 585 855 641 discedem.'’
907 585 979 641 Date
1001 587 1090 653 venia,

161 665 270 724 seducit
283 663 366 720 liliam
380 653 414 719 aa
426 659 562 720 nutricem
582 681 665 736 prope
678 663 819 719 Cloacinae
833 663 867 718 ad
880 663 1017 729 tabernas,
1031 665 1091 737 qui·

160 746 213 802 bus
227 761 302 799 nunc
316 741 403 798 Norls
416 751 457 796 est
468 759 586 796 nomen:
616 751 696 813 atque
710 741 748 796 ibi
761 740 797 796 ab
813 740 887 797 lanio
899 741 987 796 cultro
1000 759 1091 815 arrep-

157 833 198 895 to,
212 824 229 856 “
241 821 305 877 lloc
319 836 345 874 te
360 835 424 882 uno,
439 837 492 892 quo
514 817 655 892 possum,”
682 818 728 888 ait,
754 821 772 852 “
781 818 871 884 modo,
886 819 950 883 filia,
966 817 994 874 in
1008 817 1089 875 liber·
1109 829 1123 874 ⁵

159 903 273 957 “tatem
294 897 431 953 vindico.'’
481 895 582 951 Pectus
609 895 710 951 deinde
740 895 837 970 puellae
864 895 1015 970 transfigit;
1048 915 1090 952 re·

158 988 341 1054 spectansque
362 975 396 1030 ad
416 973 544 1039 tribunal,
565 971 669 1039 “Tess'
695 973 791 1047 inquit,
821 975 840 1008 “
854 973 937 1048 Appi,
958 985 1089 1046 tuumque
1169 1021 1171 1025 ,

159 1061 271 1130 “ceput
296 1051 431 1126 sangnine
454 1052 507 1107 boc
527 1051 686 1107 consecro.'’
737 1051 864 1108 Clamore
890 1051 924 1106 ed
944 1060 999 1106 tam
1013 1061 1090 1107 atrox

159 1133 269 1191 lacinus
281 1141 340 1188 orto
352 1129 459 1185 excitus
472 1129 589 1202 Appius,
613 1129 810 1201 comprehendi
825 1129 982 1202 Virginium
993 1128 1088 1203 jubet:

159 1211 204 1268 ille
219 1209 298 1279 ferro,
312 1206 485 1282 qudcumque
500 1207 564 1272 ibat,
579 1205 650 1261 uiam
665 1205 775 1274 facere3
799 1206 898 1272 donec,
912 1205 1126 1264 multitudinem

155 1289 242 1345 etiam
262 1285 484 1360 prosequentium
504 1293 608 1352 tuente,
633 1283 668 1338 ad
693 1293 798 1356 portam
824 1284 950 1358 perrexit.
991 1283 1088 1338 Icilius

156 1359 386 1436 Numitoriusque
399 1379 541 1434 exsangue
555 1379 654 1434 corpus
667 1360 805 1417 sublatum
818 1371 957 1420 ostentant
970 1361 1087 1434 populo:

155 1443 249 1500 scelus
262 1440 355 1515 Appii,
369 1439 467 1514 puellae
489 1438 626 1493 infelicem
647 1439 771 1510 formam,
791 1439 983 1494 necessitatem
1004 1438 1088 1512 patris

158 1517 309 1594 deplorant.
351 1517 503 1589 Sequentes
523 1515 664 1571 clamitant
678 1526 817 1582 matrone,
839 1516 976 1572 “Eamne
990 1515 1087 1571 libero-

158 1601 248 1655 “rum
271 1595 502 1668 procreandorum
522 1593 730 1648 conditioneml
760 1611 794 1648 ea
816 1593 955 1666 pudicitie
976 1593 1124 1667 praemiatu-

158 1677 177 1708 “
188 1693 247 1727 esse
260 1676 270 1724 l
281 1673 296 1698 '’
317 1682 479 1740 caeteraque,
494 1687 554 1740 quae
574 1669 602 1723 in
616 1669 662 1723 tali
684 1687 712 1724 re
726 1669 866 1725 muliebris
879 1669 965 1740 dolor,
979 1669 1032 1742 qud
1045 1681 1088 1726 est

158 1748 278 1802 moestior
292 1741 429 1797 imbecillo
443 1744 543 1807 animo,
568 1743 601 1796 ed
624 1744 790 1799 miserabilia
809 1746 897 1819 magis
909 1747 1087 1819 querentibus

157 1820 277 1895 subjicit.
327 1817 465 1886 Virorum,
485 1829 517 1872 et
537 1819 655 1874 maxime
679 1819 762 1890 Icilii,
785 1838 837 1877 vox
852 1831 917 1893 tota,
932 1823 1090 1880 tribuniciae

155 1895 297 1974 potestatis
310 1913 343 1950 ac
356 1894 557 1968 provocationis
570 1895 605 1950 ad
628 1895 758 1970 populum
779 1907 889 1972 erepte,
902 1900 1089 1973 publicarum·
1178 1969 1180 1972 ι

153 1995 209 2052 que
222 1972 533 2049 indignationumerat.
908 1977 910 1986 '
1094 1993 1123 2034 ω

194 2129 302 2187 XLIX.
331 2128 493 2185 Concitater
518 2129 663 2187 multitudo
682 2131 780 2204 partim
800 2131 942 2188 atrocitate
962 2131 1084 2200 sceleris,

150 2209 253 2285 partim
274 2225 321 2280 spa
340 2224 389 2280 per
408 2207 584 2267 occasionem
607 2209 763 2281 repetendae
782 2208 923 2265 libertatis.
977 2211 1085 2284 Appius

155 2297 231 2344 nuno
245 2284 335 2341 vocari
359 2283 479 2354 Icilium,
500 2303 576 2341 nunc
590 2296 783 2342 retractantem
804 2288 903 2360 arripi3
938 2287 1086 2362 postrema,

154 2376 239 2440 quum
259 2364 336 2419 locus
358 2361 478 2418 adeundi
502 2363 700 2436 apparitoribus
719 2363 907 2430 conderetur,
929 2365 999 2438 ipse,
1020 2385 1084 2422 cum

154 2442 265 2516 agmine
278 2439 454 2513 patriciorum
465 2439 597 2512 juvenum
610 2458 659 2512 per
678 2440 785 2495 turbam
806 2442 918 2512 vadens,
933 2443 961 2499 in
976 2442 1118 2500 vinculaes

154 2519 220 2575 duci
237 2519 323 2593 jubet.
376 2514 451 2603 J-am=
462 2517 537 2571 circa
557 2516 666 2571 lcilium
681 2533 737 2573 non
755 2517 845 2574 solirm
860 2519 1015 2586 multitudo,
1036 2521 1085 2578 sed

154 2596 241 2652 duces
254 2611 360 2667 qnoque
374 2593 558 2649 multitudinis
571 2604 649 2649 erant
663 2593 694 2649 L.
710 2594 837 2651 Valerius
849 2606 878 2652 et
893 2597 931 2652 M.
942 2597 1083 2665 Horatius,

154 2673 210 2748 qui,
225 2671 333 2746 repulso
353 2669 459 2741 lictore,
480 2671 502 2726 si
525 2670 586 2746 jure
610 2682 713 2744 agaret,
735 2672 875 2729 vindicare
896 2693 925 2730 se
945 2694 962 2730 a
981 2676 1085 2749 priuato

154 2751 265 2808 Icilium
286 2748 418 2814 aiebant3
451 2747 474 2804 si
494 2749 549 2804 'vim
570 2749 666 2804 afferre
686 2760 842 2827 conaretur,
869 2751 907 2808 ibi
927 2771 1034 2826 quoque
1053 2771 1087 2808 se

154 2829 226 2886 haud
241 2828 358 2901 impares
373 2825 438 2882 fore.
479 2825 555 2882 Hinc
569 2837 645 2882 atrox
666 2827 724 2883 rixa
736 2827 829 2884 oritur.
870 2829 1012 2886 Valerium
1027 2831 1118 2886 llo-ae

152 2907 308 2979 ratiumque
322 2904 401 2960 lictor
415 2903 562 2959 decemviri
577 2904 699 2961 invadit:
727 2905 1085 2980 frangunturamultitudi-
1115 2969 1119 2981 f
1187 2919 1189 2926 ‘

153 3001 189 3040 ne
215 2983 313 3039 fasces.
363 2981 397 3038 ln
418 2981 581 3037 concionem
610 2982 718 3055 Appius
738 2983 900 3040 adscendit:
933 2994 1084 3057 sequuntur
1178 2997 1190 3008 '

153 3058 286 3117 Horatius
306 3059 507 3133 Valeriusque:
540 3077 587 3114 eos
612 3058 711 3114 concio
732 3060 829 3117 audit:
863 3061 1018 3118 decemviro
1036 3061 1084 3117 ob-

153 3137 289 3211 strepitur.
342 3137 405 3192 Jam
425 3155 474 3210 pro
495 3136 608 3210 imperio
635 3136 762 3193 Valerius
782 3138 924 3194 discedere
944 3156 961 3193 a
979 3137 1084 3212 privato

153 3215 264 3272 lictores
281 3213 411 3287 jubebat3
432 3231 525 3287 quum,
540 3213 633 3270 fractis
647 3213 755 3282 animis,
775 3215 892 3289 Appius,
916 3215 978 3272 vitre
995 3226 1116 3276 matu-as

153 3312 212 3360 ens,
226 3292 255 3349 in
269 3291 381 3356 domum
394 3309 424 3346 se
437 3291 615 3366 propinquam
632 3290 698 3362 soro,
718 3291 813 3348 insciis
827 3293 996 3360 adversariis,
1010 3294 1084 3368 cepi·

153 3381 180 3429 te
193 3369 330 3439 obvoluto,
345 3369 457 3442 recepit.
498 3370 544 3442 Sp.
559 3367 675 3442 Oppius,
699 3381 730 3424 ut
752 3370 854 3428 auxilio
874 3371 986 3445 college
1000 3382 1083 3440 esset,

153 3449 182 3506 in
198 3448 286 3505 sorum
296 3463 332 3501 ex
346 3445 429 3501 alteri
443 3457 518 3523 parte
532 3446 673 3519 irrumpit:
695 3447 769 3503 videt
779 3446 923 3522 imperium
934 3449 960 3504 vi
970 3448 1084 3506 victum-¹

154 3525 285 3600 Agitatus
298 3523 399 3580 deinde
417 3524 547 3592 consiliis,
568 3533 649 3596 atque
663 3543 698 3580 ex
717 3525 792 3581 omni
812 3537 887 3600 parte
907 3527 1084 3585 assentiendo

154 3602 248 3658 multis
261 3601 419 3658 auctoribus
432 3601 562 3675 trepidus,
586 3611 711 3658 senatum
734 3602 869 3676 postremo
883 3604 974 3661 vocari
994 3604 1116 3680 jussite

135 3679 198 3737 'Ea
212 3697 264 3744 res,
288 3677 360 3753 qadd
381 3695 488 3751 maguae
509 3679 580 3752 parti
605 3679 715 3736 Petrum
735 3680 880 3754 displicere
900 3683 1085 3753 actcdecem·

154 3755 274 3814 virorum
294 3755 465 3827 videbantur,
489 3775 537 3832 spe
556 3775 604 3834 per
631 3768 756 3814 senatum
781 3757 911 3816 finiende
942 3759 1084 3838 potcstatis
