2622 4194
556 325 658 378 LIBER
672 325 693 374 1.
711 338 771 378 eae.
783 337 824 376 ar.
1124 325 1162 400 ᾖ

234 483 354 537 conatus
372 469 490 542 ridebat,
511 478 570 526 tum
590 487 607 526 e
627 466 684 526 suis
703 487 791 529 unum
804 465 975 526 sciscitatum
989 464 1113 540 Romam
1127 465 1164 540 ¹ad

235 561 340 628 patrem
353 549 443 614 mittit,
458 546 589 622 quidnam
603 566 633 604 sc
655 546 745 604 lacere
767 545 867 604 velletl
887 541 1119 620 quandoquidem,
1133 554 1164 612 ut

236 630 327 688 omnia
339 647 411 684 unus
424 625 522 698 Gabiis
535 635 636 699 posset,
657 623 684 681 ei
705 624 753 682 Dii
774 622 925 683 dedissent.
966 618 1043 680 Huic
1056 621 1162 696 nuntio,

236 707 297 782 quia
323 705 435 782 (credo)
463 703 554 760 dubiae
569 701 633 760 lidei
648 703 801 776 videbatur,
825 701 893 760 nihil
914 720 981 758 voce
1001 718 1165 776 responsum
1257 737 1264 748 .

205 795 290 844 aest:
322 796 381 850 rex,
396 782 471 838 velut
491 780 735 848 deliberabundus,
757 780 786 839 iu
808 781 917 839 hortum
940 776 1041 838 aediurn
1055 777 1164 850 transit,

231 875 364 936 sequente
382 860 480 921 nuntio
501 859 566 916 lilii:
596 859 644 931 ibi¹
667 855 841 916 inambulans
861 858 971 924 tacitus,
993 875 1100 914 summa
1118 874 1166 932 pa·

229 953 361 1016 paveram
389 938 481 1014 capita
500 936 601 994 dieitur
629 937 728 994 baculo
747 937 912 994 decessisse.
964 931 1166 1012 Interrogando

230 1017 472 1092 'exspectandoque
486 1035 647 1090 responsum
661 1015 776 1072 nuntius
790 1015 888 1087 lessus,
901 1024 933 1071 ut
944 1033 974 1072 re
995 1011 1167 1088 imperleeu,

230 1095 303 1152 redit
314 1095 433 1162 Gabios;
454 1113 514 1167 quae
535 1093 634 1151 dixerit
654 1094 722 1168 ipse,
743 1112 858 1168 quaeque
873 1091 979 1162 viderit,
993 1089 1095 1148 resert:
1115 1109 1167 1158 seu

200 1171 282 1239 roirb,
298 1192 347 1230 seu
360 1173 433 1238 odio,
448 1191 496 1228 seu
518 1171 646 1246 snperbia
667 1169 749 1228 insiti
769 1171 893 1246 ingenio,
914 1171 1019 1228 nullam
1041 1187 1106 1226 eum
1120 1187 1167 1240 vq-

234 1269 296 1306 cem
317 1251 449 1307 emisisse.
500 1249 584 1306 Sexto
597 1249 655 1320 ubi,
675 1249 741 1323 quid
762 1249 843 1306 vellet
862 1267 972 1324 parens,
986 1247 1085 1322 quidve
1098 1265 1169 1322 pras-

234 1328 341 1402 ciperet
353 1329 444 1384 tacitis
458 1327 630 1401 ambagibus,
643 1327 747 1401 patuit;
775 1327 908 1401 primores
928 1323 1057 1402 civitatis,
1074 1323 1167 1382 crimi-

232 1406 327 1462 nando
341 1405 409 1461 alios
423 1404 495 1480 apud
509 1404 648 1479 populum,
670 1405 738 1462 alios
751 1405 802 1462 suri
822 1405 896 1480 ipsos
917 1403 1022 1462 invidit
1039 1413 1167 1478 opportu-

232 1499 292 1550 nos,
306 1483 466 1540 interemit:
485 1482 564 1539 multi
578 1481 685 1557 paldm;
706 1483 826 1556 quidam,
842 1483 870 1540 in
884 1483 984 1557 quibus
998 1481 1094 1538 minus
1108 1498 1167 1554 spe-

201 1583 224 1624 15
233 1561 307 1617 ciosa
321 1561 477 1617 criminatio
491 1571 549 1618 erat
563 1560 662 1630 lutura,
676 1561 748 1618 olam
763 1561 911 1618 interlecti.
952 1558 1045 1616 Patuit
1057 1557 1168 1634 quibus<

232 1639 295 1695 dam
310 1639 463 1695 volentibus
478 1637 552 1712 l'uga,
567 1650 615 1696 ant
635 1640 663 1695 in
684 1639 811 1696 exsilium
832 1639 886 1696 acti
910 1649 984 1709 sunt,
999 1635 1168 1694 absentium·

231 1735 283 1792 que
306 1717 379 1774 bona
397 1718 476 1793 juxta
497 1729 577 1790 atque
599 1717 825 1791 interemptorum
845 1713 945 1773 divisui
972 1714 1058 1772 lutire.
1099 1711 1167 1772 Lar·-

231 1795 344 1870 gitionis
371 1796 435 1851 inde
468 1795 622 1869 praedaeque
650 1805 678 1852 et
705 1795 854 1852 dulcedine
883 1793 982 1871 privati
1015 1789 1168 1864 commodi,¹

232 1891 329 1929 sensns
356 1873 489 1930 malorum
510 1873 684 1946 publicorum
706 1873 808 1941 adirni3
841 1874 941 1943 donec,
956 1871 1031 1929 orba
1050 1869 1167 1928 consilio

198 1950 396 2026 maurilioque,
417 1951 528 2007 Gabina
548 1969 591 2009 res
612 1951 671 2028 regi
685 1949 894 2026 Romano'sine
912 1945 969 2008 urla
987 1947 1167 2008 dimicatione

232 2027 261 2084 in
274 2045 390 2084 manum
404 2029 528 2084 traditur.

271 2181 332 2240 LV.
365 2181 464 2239 Gabiis
484 2181 611 2256 receptis,
625 2183 797 2257 Tarquinius
809 2197 907 2260 pacem
927 2201 992 2242 cum
1012 2179 1168 2258 AEquoruna

231 2271 315 2336 gente
337 2261 421 2328 lecit3
455 2258 545 2316 foedus
564 2279 630 2316 cunr
651 2261 755 2318 Tuscis
774 2261 922 2319 renovarit.
967 2261 1038 2318 Inde
1064 2260 1099 2316 ad
1119 2279 1168 2316 ne-

231 2339 306 2413 gotia
327 2340 434 2395 urbana
447 2338 570 2394 animum
592 2337 746 2402 convertit:
780 2357 895 2412 quorum
908 2351 968 2396 erat
986 2337 1116 2413 primurn,
1137 2347 1169 2394 ut

197 2416 308 2482 ardoris
321 2415 454 2491 templum
476 2416 504 2472 in
526 2427 620 2474 monte
641 2413 772 2492 Tarpejo‚
793 2427 1004 2474 monumentum
1024 2415 1104 2492 regni
1124 2415 1169 2472 sui

231 2495 415 2568 nominisque,
430 2494 612 2567 relinqueret:
654 2492 824 2569 Tarquinios
845 2514 924 2570 reges
940 2493 1045 2562 ambos,
1059 2503 1169 2568 patrem

231 2573 345 2644 vovisse,
360 2571 447 2629 filium
461 2569 617 2646 perfecisse.
658 2571 705 2644 Et,
719 2584 750 2630 nt
762 2573 850 2630 libera
867 2592 884 2630 a
907 2563 1015 2630 ceteris
1029 2571 1168 2648 religioni-

232 2650 284 2706 bus
297 2669 361 2707 area
375 2660 448 2707 esset
460 2661 517 2708 tota
540 2649 617 2706 lovis
637 2651 786 2726 templique
807 2651 877 2727 ejus,
898 2651 971 2726 quod
986 2649 1168 2708 inaedificare·

231 2738 286 2799 tur,
300 2747 470 2803 exaugurare
492 2727 556 2784 lana
575 2729 731 2804 sacellaque
752 2731 862 2800 statuit;
892 2749 953 2804 quae
975 2729 1010 2786 ali
1030 2739 1078 2786 uot
1098 2728 1168 2786 ibia

198 2805 317 2870 aaTatio
330 2825 405 2880 rege,
418 2805 541 2880 primum
556 2805 584 2863 in
608 2806 669 2878 ipso
689 2807 849 2864 discrimine
863 2809 994 2866 adversus
1012 2749 1168 2864 liomulum

232 2901 332 2958 pugnae
347 2896 417 2955 vota,
438 2896 602 2942 consecrata
623 2885 838 2960 inaugurataque
854 2897 950 2962 postea
963 2883 1079 2942 fuerant.
1120 2881 1168 2940 In-

233 2971 274 3017 ter
287 2961 424 3036 principia
436 2961 575 3018 condendi
597 2963 679 3037 hujus
699 2965 798 3038 operis,
819 2965 936 3022 movisse
950 2979 1054 3018 numen
1077 2961 1112 3018 ad
1126 2960 1170 3022 iu·¹
1191 3004 1194 3009 -

232 3039 381 3096 dicandam
394 3041 463 3096 tanti
478 3040 584 3114 imperii
605 3041 705 3098 molem
726 3042 841 3101 traditur
865 3042 956 3098 Deos:
983 3057 1058 3107 narn,
1080 3057 1168 3114 quum

231 3118 355 3174 omniurn
382 3117 544 3174 sacellorum
571 3119 802 3194 exaugurationes
830 3119 1006 3188 admitterent
1035 3137 1109 3187 ares,
1135 3118 1168 3176 in

197 3193 359 3260 asTermini
374 3197 651 3254 lanononaddixere.
673 3197 798 3256 Idumen
809 3198 1008 3272 auguriumque
1022 3197 1168 3272 itaaccep-

231 3284 289 3332 turn
303 3285 363 3342 est;
391 3293 447 3331 non
462 3284 564 3330 motam
578 3274 706 3333 Termini
729 3275 835 3341 sedern,
857 3294 997 3350 unumque
1013 3295 1078 3334 euru
1092 3272 1167 3332 Deo·
1194 3318 1197 3326 ,

231 3369 293 3408 rum
313 3371 369 3409 non
388 3362 533 3409 evocatum
560 3354 674 3412 sacratis
701 3353 753 3410 sibi
773 3353 884 3421 linibus,
906 3353 984 3412 firma
1004 3351 1170 3426 stabiliaque

230 3440 334 3486 cuncta
346 3429 520 3505 portendere.
561 3429 625 3488 lloc
637 3431 829 3506 perpetuitatis
844 3431 967 3508 auspicio
984 3439 1109 3504 accepto,
1123 3447 1168 3488 se-

233 3517 328 3564 cutum
341 3507 426 3576 aliud,
441 3508 661 3584 magnitudinem
682 3509 791 3586 imperii
812 3511 989 3584 portendens,
1009 3503 1169 3584 prodigium

199 3594 284 3654 nest.
335 3585 426 3661 Caput
452 3585 615 3654 humanum,
641 3587 749 3664 integra
768 3587 850 3656 facie.
863 3586 1050 3664 aperientibus
1069 3583 1167 3658 funda·

232 3671 327 3720 menta
346 3664 440 3740 templi
460 3664 561 3724 dicitnr
582 3665 757 3742 apparuisse:
790 3667 930 3740 quasise
949 3664 1065 3739 species,
1091 3660 1169 3740 lraud

230 3757 281 3819 per
295 3741 434 3818 ambages,
448 3761 541 3802 arcem
555 3761 616 3804 eam
640 3741 748 3820 imperii
769 3755 906 3823 caputque
919 3759 1012 3802 rerum
1031 3741 1088 3802 fore
1107 3758 1168 3818 por·
