2638 4206
108 343 110 348 ’
178 343 235 408 ῙΒ
555 345 623 398 'll'l'l
638 347 718 398 nvn

177 489 301 549 omnium
322 488 408 546 utatis
421 504 477 546 sun
491 488 574 553 fuisse
593 489 693 557 lerum,
713 499 749 560 et
763 487 922 546 martirium
935 485 971 557 vi,
994 499 1104 546 senex·

178 567 339 626 ereitatione
353 567 448 634 multi,
463 567 518 623 eibi
527 567 637 642 riuique
650 568 778 624 eumdem
790 565 1002 640 capacissimum
1014 583 1021 620 ι
1044 581 1103 624 vnee

179 663 242 703 eum
256 644 312 701 ullu
325 645 488 719 asperiorem
503 644 579 721 (quia
592 646 649 719 ipse
672 645 767 701 invicti
790 644 824 700 ad
837 643 965 718 laborem
981 642 1103 716 eorporis

178 723 264 800 esset)
279 722 361 778 fuisse
376 723 499 780 militiam
513 723 597 797 pediti
610 723 710 797 pariter
723 722 868 795 equitique.
893 721 1012 794 Equites
1018 720 1102 776 etiam

177 799 323 874 aliquando
347 814 428 856 ausos
454 801 488 856 ab
513 811 668 874 euperem,
694 810 724 856 ut
745 799 798 855 sibi
818 816 866 872 pro
884 811 914 854 re
934 797 1006 853 bene
1025 799 1135 872 gestia

176 877 280 936 laxaret
303 878 405 952 aliquid
425 877 539 934 laboris:
572 877 670 956 quibus
695 878 750 946 ilie,
778 876 850 932 “Ne
870 875 938 931 nibil
951 875 1102 949 remissum

176 955 312 1022 “dicetis
326 955 464 1026 remittu,’'
478 955 574 1028 inquit,
595 965 657 1010 “ne
672 954 764 1028 utique
784 955 893 1010 dorsum
914 951 1100 1022 demulceatis,

76 1049 79 1060 ·
177 1042 288 1107 “quum
302 1034 427 1108 exequie
440 1033 614 1089 descendetis
626 1033 659 1088 :'’
685 1043 714 1089 et
725 1033 768 1088 vis
779 1042 838 1088 erat
860 1031 889 1086 in
901 1048 936 1086 eo
948 1031 1004 1086 rino
1017 1030 1103 1104 impe-

176 1111 210 1168 rii
234 1111 333 1185 iugens
351 1111 493 1185 panteria
516 1110 605 1167 socius
624 1110 760 1183 uiresque.
801 1108 985 1166 Praenestinus
1005 1117 1103 1180 prator

175 1205 224 1263 per
237 1190 361 1245 timorem
383 1187 495 1263 segnitie
516 1203 550 1244 er
570 1188 698 1244 subsidiis
718 1207 781 1244 suos
801 1187 916 1242 duxerat
936 1184 965 1240 in
987 1186 1137 1258 primumn

176 1267 283 1323 aciem:
304 1285 385 1340 quem
398 1284 480 1339 quum
502 1265 676 1322 inambulans
697 1276 762 1322 ante
783 1263 990 1321 tabernaculum
1011 1262 1103 1318 vocari

173 1344 307 1420 jussisset,
322 1344 444 1400 lictorem
458 1344 586 1417 expedire
600 1343 720 1398 securim
735 1343 833 1417 jussit:
864 1341 993 1414 adquam
1007 1355 1103 1398 vueem
1192 1383 1199 1391 .

102 1489 107 1495 .
175 1418 296 1480 exanimi
316 1432 403 1477 stante
423 1421 600 1488 Praenestino,
621 1430 638 1456 “
649 1421 787 1496 Agedum,
808 1420 895 1488 lictor,
919 1417 1016 1473 exeide
1030 1417 1100 1474 radi·

177 1507 266 1556 “eam
280 1500 380 1566 barre,'’
395 1499 491 1572 inquit,
504 1499 741 1554 '³‘ineommodam
766 1497 985 1560 ambulantibus:
995 1497 1010 1520 ’'
1044 1511 1102 1569 per-

179 1575 327 1652 fusumque
340 1577 429 1633 ultimi
443 1576 569 1650 supplicii
583 1585 669 1642 metu,
684 1576 769 1632 muitri
780 1575 866 1641 dieti,
881 1573 991 1630 dimisit.
1020 1571 1103 1630 Haud
1113 1586 1138 1629 ιι

180 1653 263 1710 dubie
277 1655 324 1710 itta
338 1665 426 1725 aetate,
440 1657 492 1726 quai
505 1654 580 1710 uuila
595 1654 722 1710 virtutum
736 1651 851 1708 seraeiur
864 1651 925 1718 suit,
939 1669 1020 1707 neme
1033 1667 1106 1706 unus

176 1741 235 1786 erat
255 1731 303 1801 vir,
323 1749 377 1804 quo
390 1731 588 1804 magisinuiea
609 1747 651 1787 res
671 1731 801 1786 Rdmuua
815 1739 923 1786 uteret:
954 1729 1021 1802 quin
1041 1745 1105 1784 eum

176 1823 271 1881 parem
284 1808 423 1863 destinant
436 1808 534 1864 animis
548 1807 653 1886 Magno
672 1807 831 1864 Alexandro
853 1807 963 1872 ducem,
982 1807 1005 1862 si
1019 1820 1103 1872 euna,

179 1884 249 1940 Asiri
262 1886 421 1960 perdomiti,
436 1886 465 1941 iu
478 1885 617 1960 Europam
630 1885 762 1952 vertisset,

215 2038 312 2096 XVII.
346 2039 423 2096 Nihil
441 2040 531 2096 mimis
551 2041 696 2113 quesitum
719 2059 735 2098 a
757 2040 892 2116 principio
915 2039 997 2114 hujus
1016 2039 1139 2113 operissu

91 2157 92 2164 ι
177 2117 264 2174 rideri
277 2129 373 2192 potest,
387 2119 468 2190 quim
482 2118 594 2191 utplus
612 2119 692 2192 justo·
706 2119 740 2174 ab
760 2137 850 2176 rerum
869 2118 966 2174 ordine
986 2115 1107 2172 deelina-

88 2249 90 2263 ,
177 2212 255 2263 rem3
275 2196 503 2269 varietatibusque
516 2195 712 2270 distinguendo
724 2215 816 2271 opere,
830 2207 858 2252 et
870 2194 1025 2270 legentibus
1033 2193 1107 2250 velut

98 2321 101 2325 .
179 2271 341 2329 divertieula
354 2291 471 2339 arumna,
485 2283 513 2330 et
526 2273 647 2347 requiem
661 2275 754 2332 animo
768 2261 1002 2348 medquaererem:
1014 2282 1107 2328 tumen

179 2350 249 2406 tanti
263 2351 335 2425 regis
355 2369 387 2407 ae
401 2351 480 2406 dueis
501 2352 614 2422 mentio,
632 2352 735 2425 quibus·
746 2361 818 2426 s'aepe
833 2351 924 2408 tacitis
936 2348 1108 2424 cogitationi·

141 2441 143 2458 ·
179 2426 232 2484 bus
251 2428 380 2484 voluterit
399 2428 530 2496 animum,
543 2445 590 2484 eas
610 2442 706 2486 evocat
726 2431 754 2485 in
775 2430 917 2495 medium3
944 2438 974 2483 ut
987 2444 1140 2500 quaererass

178 2503 273 2570 libeat,
294 2505 406 2577 quinum
426 2516 539 2561 eventus
560 2507 696 2563 Romanis
715 2508 806 2573 rebus,
821 2507 844 2562 ai
863 2525 927 2563 eum
949 2504 1108 2560 Alexandro

180 2579 251 2636 ieret
270 2581 408 2650 bellatum,
430 2583 536 2638 iuturus
556 2583 645 2640 fuerit.
695 2582 845 2640 Plurimum
866 2584 895 2640 in
916 2583 987 2640 bello
1007 2581 1108 2657 pollere

179 2657 308 2714 videntur
322 2659 439 2714 militum
453 2660 573 2733 eopiaet
585 2660 678 2731 virtus,
702 2661 815 2736 ingenia
836 2662 1039 2735 imperaror-um,
1057 2659 1108 2724 ior-

179 2741 256 2805 t'unu‚
282 2737 444 2810 peremnia
464 2738 592 2804 humana,
613 2738 731 2794 maxime
752 2739 840 2794 iures
859 2737 981 2808 bdliieaq
1001 2747 1106 2812 potens.

179 2811 232 2882 Ea,
253 2824 281 2870 et
300 2815 544 2889 siugula'i‘ntueuti
565 2827 594 2872 et
613 2817 748 2882 universa,
773 2816 846 2873 sieut
863 2817 898 2872 ab
918 2817 978 2872 aliis
998 2814 1142 2889 regibusu

180 2892 372 2966 gentibusque,
384 2892 421 2948 ita
434 2893 471 2948 ab
481 2894 534 2950 hue
547 2913 663 2968 quoque,
675 2893 756 2950 facile
771 2905 899 2969 praestant
909 2894 1040 2950 invictum
1053 2892 1111 2947 Ro-

180 2986 293 3025 manum
313 2971 466 3044 imperium.
518 2973 580 3028 Jam
608 2971 733 3046 primum,
763 2983 794 3029 ut
819 2973 909 3030 ordiar
936 2971 970 3026 ab
987 2969 1110 3024 ‘ducibus

183 3047 384 3120 comparandis,
405 3048 477 3104 haud
491 3050 616 3122 equidem
631 3050 731 3114 abnuo,
747 3051 888 3124 egregium
903 3049 1004 3103 ducem
1024 3045 1109 3106 fuisse

182 3121 387 3194 Alexandrum
420 3127 468 3180 sed
492 3127 634 3182 elatiorem
658 3136 750 3182 tamen
771 3125 922 3201 eumfacit,
942 3122 1016 3196 qudd
1036 3139 1110 3178 unns

182 3197 242 3265 fuit,
253 3199 326 3272 qubd
339 3203 499 3258 adulescens
519 3205 547 3260 iu
562 3204 732 3260 ineremento
745 3223 845 3275 rerum,
859 3203 981 3260 nondum
995 3200 1109 3256 alteram
1119 3221 1145 3260 as

183 3275 320 3333 fortunam
334 3291 469 3353 expertus,
484 3281 609 3337 decessit.
650 3281 687 3337 Ut
700 3283 767 3338 alios
780 3299 860 3354 reges
868 3281 955 3337 claros
969 3280 1110 3351 ducesque

181 3355 315 3422 amittam,
337 3375 436 3430 magna
462 3359 590 3432 exempla
617 3377 731 3416 casuum
759 3360 962 3426 humanorum3
995 3355 1111 3430 Cyrum,

176 3443 264 3506 'quem
290 3434 407 3490 maxime
427 3437 516 3493 Graeei
543 3437 838 3504 laudibuseelebrant,
859 3436 933 3510 quid,
955 3434 1007 3492 nisi
1027 3433 1111 3509 longa

183 3510 247 3581 rita,
262 3510 333 3567 sieut
347 3513 478 3586 Magnum
499 3512 579 3572 modu
598 3513 768 3589 Pompejum‚
788 3515 903 3571 vertenti
923 3513 1041 3588 praebuit
1060 3511 1111 3568 ler-

183 3591 281 3644 tunael
331 3589 505 3648 Reeenseam
529 3591 778 3664 dueesli'umanus,
799 3611 852 3648 nee
871 3609 971 3648 omnes·
986 3590 1144 3648 emniumto

185 3665 315 3736 aetutium,
328 3667 378 3722 sed
392 3667 463 3740 ip'soe
476 3687 533 3736 eos,
547 3687 612 3724 oum
624 3670 723 3742 quibus
736 3670 895 3726 oonsulibus
909 3680 955 3726 aut
974 3667 1117 3726 erasmi-¹

184 3736 236 3805 bu·
263 3743 422 3823 Alexandro
448 3746 500 3826 lqit
525 3747 703 3822 bellandumt
744 3748 784 3812 M.
811 3747 953 3809 Valerium
980 3747 1110 3814 Corvum,
