2622 4194
483 395 488 404 ἱ
502 317 602 368 LIBER
616 314 663 368 111.
680 335 739 370 cna.
750 331 841 370 mur.
1101 321 1137 382 8}

185 435 211 546 Ξ
259 451 378 514 XXXII
380 489 544 515 ......
565 458 627 516 dam
640 460 777 518 redierant
789 457 876 534 legati
884 475 948 515 cunr
958 459 1060 514 Atticis
1072 454 1138 534 legi.

191 557 205 599 υ·
219 534 288 592 bus:
308 535 342 590 ed
354 534 488 592 intentius
501 535 638 592 instabant
645 536 756 609 tribuni,
766 548 796 594 ut
803 537 915 594 tandem
928 534 1141 594 scribendarum

191 611 310 686 {legum
324 612 431 668 initium
444 613 529 670 fieret.
569 613 664 670 Placet
682 615 768 671 creari
786 613 954 670 decemviros
971 613 1030 667 sine
1043 630 1140 686 provo·

184 688 335 800 seraone,
355 699 431 746 etne
443 690 560 763 quiseo
582 700 655 747 anno
675 692 744 748 alius
764 691 937 766 magistratus
959 699 1039 745 esset.
1079 689 1139 746 Ad·

190 813 205 855 υ.
218 765 433 846 miscerenturne
445 767 554 842 plebeji‚
568 769 751 825 controversia
764 768 930 842 aliquamdiu
943 765 1012 823 fuit:
1035 776 1138 840 postre-

190 840 261 916 5md
273 860 438 900 concessum
451 843 586 912 Patribus,
610 845 690 902 modd
712 865 748 902 ne
767 845 813 903 lex
835 845 914 902 Icilia
933 844 968 900 de
988 843 1138 912 Arentiu0,

184 919 329 994 L‘aliaeque
343 932 457 978 sacratae
470 923 555 997 leges,
569 923 772 997 abrogarentur.

254 1076 400 1135 XXXIII.
421 1079 505 1136 Anno
518 1078 711 1136 trecentesimo
723 1081 817 1153 altero,
830 1081 910 1155 quim
924 1080 1034 1140 condita
1047 1080 1138 1138 Roma

190 1207 192 1212 .
217 1155 397 1220 eremitarum
420 1166 540 1213 mutatur
560 1157 646 1213 forma
665 1158 790 1225 civitatis,
812 1159 846 1214 ab
869 1159 1027 1214 consulibus
1045 1160 1078 1214 ad
1092 1159 1140 1214 de

185 1215 208 1254 ¹⁰
217 1231 361 1298 cemviros,
374 1234 603 1306 quemadmodum
624 1235 658 1289 ab
671 1235 781 1309 regibus
794 1235 856 1291 ante
871 1236 905 1291 ad
919 1236 1044 1291 consules
1057 1253 1138 1292 venc-

216 1317 267 1374 rat‚
282 1309 411 1366 translato
424 1310 547 1383 imperio.
587 1310 685 1367 Minus
699 1312 822 1387 insignis,
843 1313 907 1386 quia
930 1331 986 1370 non
999 1313 1136 1379 diuturna,

214 1386 330 1442 mutatio
351 1386 419 1443 suit:
451 1386 513 1443 laeta
532 1387 606 1443 enim
626 1389 760 1463 principia
786 1391 958 1464 magistratirs
977 1390 1036 1464 ejus
1056 1391 1137 1446 nimis

213 1461 405 1520 luxuriavdre:
438 1465 471 1520 ed
485 1464 564 1520 citiris
576 1466 651 1539 lapsa
663 1485 706 1522 res
719 1477 777 1534 est3
804 1468 1009 1542 repetitumque,
1031 1468 1138 1523 duobus

214 1538 255 1596 uti
268 1541 446 1597 mandaretur
457 1541 601 1610 consulum
621 1562 722 1599 nomen
736 1544 940 1618 imperiumque.
981 1543 1137 1600 Decemviri

183 1601 206 1639 ¹⁵
214 1617 298 1673 creati
313 1618 367 1692 Ap.
383 1617 524 1686 Claudius,
545 1621 579 1675 T.
593 1619 745 1687 Genucius,
767 1620 797 1676 P.
812 1621 927 1687 Sestius,
949 1621 981 1676 L.
996 1621 1136 1687 Veturius,

181 1695 247 1777 HC.
261 1694 362 1761 Julius,
377 1695 413 1750 A.
428 1695 558 1764 Manlius,
574 1697 633 1752 Ser.
649 1697 796 1772 Sulpicius,
821 1699 851 1754 P.
866 1698 1013 1768 Curiatius,
1028 1698 1063 1754 T.
1077 1697 1138 1754 Ro-

181 1771 313 1868 g'miliua
330 1773 377 1846 Sp.
391 1771 555 1829 Postumius.
596 1775 713 1831 Claudio
726 1785 754 1831 et
772 1775 907 1846 Genucio,
920 1775 984 1848 quia
999 1775 1136 1848 designati

186 1885 199 1926 υ·
214 1849 341 1906 consules
355 1850 384 1904 in
397 1867 461 1906 eum
475 1867 578 1906 annum
592 1851 708 1923 fuerant,
721 1871 769 1926 pro
783 1853 885 1909 honore
899 1853 984 1908 honos
996 1853 1135 1921 redditus;
1233 1872 1236 1882 “

186 1936 240 1988 tet
255 1926 353 1994 Sestio,
368 1926 445 1982 alteri
458 1928 601 1983 consulum
618 1929 715 2001 prioris
738 1929 812 1995 anni,
836 1928 907 2001 quod
928 1947 988 1984 earn
1002 1947 1059 1984 rem
1079 1929 1135 1984 col-

179 2003 274 2076 glegd
295 2003 380 2058 inrito
400 2004 434 2058 ad
457 2003 551 2060 Patres
569 2005 704 2061 retulerat.
744 2005 797 2062 His
819 2005 933 2080 proximi
955 2005 1038 2060 habiti
1052 2005 1135 2078 legati

180 2075 277 2159 ztres,
292 2079 339 2152 qui
353 2080 479 2134 Athenas
498 2081 600 2136 ierant:
634 2082 713 2138 simul
735 2095 765 2138 ut
784 2097 832 2156 pro
854 2082 989 2156 legatione
1003 2091 1057 2137 tam
1076 2082 1139 2138 lona
1183 2087 1187 2092 '

185 2179 199 2221 5
213 2155 317 2230 ginqud
330 2157 442 2230 praemio
455 2167 526 2211 esset
538 2157 624 2214 honos
635 2177 641 2225 ;
672 2159 751 2214 simul
764 2160 864 2232 peritos
877 2159 967 2231 legum
981 2158 1140 2232 peregrina·v

179 2227 273 2288 “rum
288 2233 322 2288 ad
337 2233 483 2288 condenda
502 2251 572 2290 nova
592 2234 653 2308 jura
673 2234 734 2290 usui
748 2235 804 2290 sore
824 2236 980 2290 credebant.
1021 2235 1140 2307 snpplea

212 2311 275 2365 vere
289 2310 381 2366 caeteri
395 2328 549 2366 numerum.
589 2311 692 2368 Graves
705 2329 811 2384 quoque
832 2321 910 2366 aetate
933 2311 1034 2365 electos
1046 2310 1138 2365 novisa

180 2386 289 2442 asturis
315 2387 451 2461 suffragiis
471 2386 570 2457 serunt,
590 2386 645 2460 qud
665 2387 754 2443 mimis
779 2387 904 2443 ferociter
924 2387 1133 2443 aliorumscitis

214 2463 429 2520 adversarentur.
469 2463 607 2538 Regimen
623 2463 704 2522 totius
717 2463 891 2538 magistratus
911 2482 997 2536 penes
1010 2464 1133 2538 Appium

213 2551 271 2598 erat
284 2539 373 2596 levore
386 2541 489 2615 plebis:
520 2540 641 2614 adedque
656 2559 757 2597 novum
778 2541 829 2597 sibi
843 2541 983 2615 ingenium
998 2541 1137 2608 induerat,

214 2627 244 2673 ut
257 2617 391 2692 plebIcola
403 2617 524 2692 repente,
538 2618 680 2691 omnisque
693 2637 766 2675 aurae
779 2619 915 2692 popularis
929 2629 1058 2693 captator,
1072 2637 1137 2676 eva-r

213 2695 300 2765 deret,
325 2713 374 2769 pro
393 2695 463 2751 truci
490 2712 615 2768 saevoque
635 2695 797 2752 insectatore
817 2696 928 2770 plebis„
951 2697 1068 2754 Decimo
1087 2697 1132 2752 die

181 2771 255 2846 eujus
268 2771 366 2845 populo
380 2772 479 2846 singuli
492 2772 661 2829 reddebant:
689 2791 722 2829 eo
742 2773 786 2828 die
799 2791 884 2847 penes
896 2775 1053 2844 praelectum
1064 2769 1132 2842 juris

214 2849 303 2908 fasces
315 2848 461 2904 duodecim
474 2860 570 2905 erant:
601 2849 713 2923 collegis
732 2867 829 2906 norem
850 2847 951 2921 singuli
964 2845 1074 2901 accensi
1088 2863 1134 2918 ap·

213 2924 363 3000 parebant:
384 2925 453 2982 etin
468 2925 549 2982 unica
562 2927 708 2994 concordii
727 2927 797 2982 inter
811 2927 883 3000 ipsos
904 2923 961 2998 (qui
981 2937 1134 2978 consensus

211 3002 322 3077 privatis
335 3001 472 3060 interdum
485 3003 589 3060 inutilis
608 3004 693 3081 esset)
712 3023 818 3060 summa
831 3003 960 3058 adversus
973 2998 1039 3055 alios
1051 3000 1132 3073 aequi·

174 3119 183 3134 .
212 3091 253 3136 tas
267 3089 332 3136 erat
373 3079 568 3137 Moderationis
581 3097 675 3137 eorum
695 3089 886 3156 argumentum
906 3076 1030 3150 exemplo
1049 3077 1133 3134 unius

88 3171 91 3178 ’
180 3157 252 3215 :arei
272 3158 379 3214 notisse
399 3158 465 3214 satis
484 3157 542 3214 erit
582 3157 679 3217 Quum
700 3158 760 3214 sine
778 3155 968 3232 provocatione
986 3154 1071 3211 creati
1090 3172 1133 3211 cs·

212 3245 282 3307 sent,
296 3234 405 3292 defosso
418 3236 550 3292 cadavere
571 3233 645 3291 domi
658 3236 730 3310 apud
744 3234 774 3292 P.
790 3233 918 3300 Sestium,
932 3232 1052 3307 patricia
1064 3249 1132 3306 gen-

212 3312 247 3368 tis
266 3311 363 3380 rirum,
384 3312 502 3383 invento,
523 3312 678 3387 prolatoque
704 3312 734 3369 in
757 3311 929 3377 concionem,
955 3308 984 3366 in
1004 3327 1033 3366 re
1054 3308 1131 3383 juxta

213 3389 356 3448 manifesti
369 3385 450 3465 atque
463 3389 558 3456 atroci,
572 3389 605 3446 C.
619 3389 710 3447 Iulius
719 3387 858 3446 decemvir
868 3388 940 3445 diem
952 3387 1043 3444 Sestio
1052 3384 1130 3452 dixit,

213 3473 242 3522 et
254 3479 394 3526 accusator
408 3466 443 3524 ad
455 3466 585 3542 populum
606 3467 717 3539 exstitit,
740 3465 820 3541 cujus
840 3465 879 3523 rei
896 3466 982 3542 judex
994 3461 1134 3538 legitimus

169 3549 289 3600 derat:
308 3545 479 3620 decessitque
488 3544 550 3618 jura
567 3563 627 3618 suo,
648 3555 679 3606 ut
701 3546 841 3620 demptum
864 3543 899 3602 de
920 3543 947 3601 ri
960 3539 1135 3616 magistratio

211 3619 304 3697 populi
315 3621 433 3682 libertati
445 3622 585 3700 adjiceret.
828 3697 830 3704 Ι
1130 3648 1135 3660 ⁴
