2622 4194
186 365 214 428 Β
569 365 635 417 'rm
650 363 731 417 mvn

191 514 300 585 poterat
318 504 421 576 amuis3
441 513 477 577 et,
496 524 575 582 posse
594 508 716 582 qrmmris
735 503 866 584 languida
883 501 971 584 mergi
983 499 1054 583 'eqni
1065 506 1108 568 ilr-
1145 531 1150 576 ι

196 585 294 657 lantes,
307 601 383 658 spem
396 583 544 641 serentibus
556 585 653 642 dalmt:
673 585 722 652 ita,
735 585 808 642 velut
824 585 946 643 defuncti
965 587 1038 660 regis
1057 587 1108 644 im·
1146 582 1152 656 l

195 661 281 738 perio,
303 661 332 718 iu
357 661 480 736 proximi
502 660 609 729 alluvie,
632 662 679 718 ubi
701 667 777 720 nunc
796 662 866 720 licus
884 662 1040 720 Ruminalis
1065 673 1108 720 est
1149 657 1151 672 '

198 738 390 812 (Romularem
401 748 522 795 vocatam
532 738 753 816 lerunt),pueros
762 749 909 813 exponunt.
947 740 1039 797 Vasta
1048 752 1109 796 tum

197 816 228 874 in
240 815 274 872 iis
286 815 354 872 locis
367 815 525 872 solitudines
534 825 622 872 erant
661 815 754 872 Tenet
766 816 846 888 fama,
859 834 944 890 quum
956 816 1132 874 fluitantems

198 893 315 959 alveum,
328 910 381 965 quo
394 892 507 966 expositi
529 902 607 948 erent
622 893 707 967 pueri,
719 893 811 950 tenuis
830 893 860 950 in
880 894 954 950 sicco
973 911 1043 967 aqua
1061 893 1109 951 de-

198 969 340 1040 stituisset,
352 969 443 1042 lupam
456 969 601 1036 sitientem,
615 988 649 1025 ex
669 971 805 1026 montibus
827 971 873 1044 qui
893 968 968 1027 circd
987 980 1059 1036 sunt,
1073 970 1108 1026 ad

198 1046 331 1122 puerilem
344 1045 463 1120 vagitum
477 1065 587 1102 cursum
598 1045 720 1102 flexisse:
733 1065 794 1103 eam
804 1047 951 1104 submissas
960 1047 1109 1104 insentibus

197 1120 268 1180 ederi
281 1122 374 1178 mitem
388 1123 534 1196 prebuisse
544 1127 683 1193 mammas,
692 1133 722 1180 ut
734 1123 828 1198 lingui
838 1124 1001 1180 lambentem
1011 1141 1109 1198 pueros

141 1261 149 1278 ,
172 1231 175 1267 =,
200 1199 329 1274 magister
345 1199 417 1274 'regii
438 1199 545 1273 pecoris
565 1200 705 1256 invenerit.
751 1200 986 1257 Faustulotsuisse
1008 1211 1142 1256 nomento

172 1289 176 1324 1
199 1275 307 1332 ferunt:
327 1276 408 1332 abeo
424 1276 459 1332 ad
479 1276 584 1332 stabula
604 1275 738 1334 Larentia
759 1277 835 1334 uxori
854 1277 1013 1334 educandos
1025 1277 1109 1352 latos.

176 1414 179 1420 ,
199 1353 282 1424 Sunt,
296 1353 342 1426 qui
355 1353 520 1419 Larentiam,
533 1353 641 1427 vulgato
661 1373 780 1428 corpore,
793 1354 883 1428 lupam
904 1355 973 1410 inter
989 1351 1110 1428 pasto'rcs

170 1430 180 1494 5}
199 1440 326 1486 vocatam
349 1438 460 1503 putent:
489 1430 553 1486 inde
573 1429 664 1486 locum
682 1431 781 1487 labulae
804 1431 987 1488 ac'miraculo
1006 1431 1107 1486 datum.

172 1497 176 1506 ’
200 1505 245 1563 Ita
258 1506 353 1580 geniti,
367 1505 456 1580 itaque
469 1507 587 1577 educati,
600 1525 683 1579 quum
695 1507 809 1581 primum
830 1508 946 1564 adolevit
966 1517 1039 1574 aetas,
1056 1525 1110 1564 nec

200 1582 231 1639 in
253 1581 364 1639 stabulis
376 1602 430 1639 nec
450 1585 485 1639 ad
507 1585 860 1658 pecorasegnes,'vsnaudo
873 1601 1015 1658 peragrare
1035 1582 1142 1640 circd1⁵

200 1659 295 1715 saltus.
344 1659 429 1725 Hinc,
448 1661 546 1716 robore
567 1660 723 1733 corporibus
745 1661 894 1732 animisque
918 1673 1033 1735 sumpto,
1053 1661 1110 1734 jam

170 1777 174 1798 ‚-
202 1753 257 1792 non
271 1736 341 1790 seras
353 1734 456 1791 tantdm
469 1737 622 1802 subsistere,
636 1738 725 1792 sedin
742 1737 868 1803 latrones,
880 1737 971 1810 praedd
989 1749 1109 1805 onustos,
1127 1790 1128 1794 ,

202 1811 320 1886 impetus
341 1812 438 1882 facere,
458 1813 661 1886 pastoribusque
682 1823 757 1888 rapta
778 1814 915 1882 dividere3
932 1823 960 1870 et
981 1833 1044 1870 cum
1057 1814 1109 1880 his,

172 1913 181 1928 ι
202 1898 343 1946 crescente
356 1889 385 1945 in
397 1889 456 1946 dies
467 1907 550 1966 grege
567 1889 706 1963 juvenum,
719 1890 834 1948 serinac
850 1891 926 1966 jocos
938 1890 1084 1946 celebrare.
1158 1927 1180 1978 ,ξ

239 2043 275 2098 V.
294 2043 357 2100 lam
369 2052 427 2100 tum
440 2043 468 2099 in
481 2043 603 2101 Palatino
615 2055 706 2102 monte
719 2045 852 2120 Lupercal
872 2046 924 2102 hoe
943 2044 1025 2100 luisse
1042 2044 1143 2100 ludi-w
1174 2088 1178 2112 ,

201 2137 279 2176 crum
293 2120 391 2186 ferunt,
404 2129 432 2176 et
444 2139 461 2176 a
473 2120 618 2189 Pallanteo,
630 2123 696 2178 urbe
707 2122 852 2192 Arcadici,
865 2121 1034 2188 Pallantium,
1046 2121 1110 2178 dein
1166 2123 1180 2190 'i

203 2196 345 2268 Palatium,
365 2208 485 2254 montem
507 2197 676 2272 appellatum.
716 2199 758 2256 lbi
780 2199 944 2268 Evandrum,
957 2198 1002 2271 qui
1022 2216 1056 2253 en
1077 2217 1110 2253 eo
1162 2194 1181 2282 ’ξ

202 2291 304 2348 genere
324 2274 463 2331 Arcadum
485 2275 577 2331 multis
597 2276 658 2332 ante
678 2276 882 2351 tempestatibus
899 2284 1022 2330 tenuerat
1040 2275 1109 2340 loca,
1173 2282 1182 2354 ξ

202 2350 314 2407 solenne
328 2351 438 2409 allatum
450 2370 485 2408 ex
497 2353 618 2409 Arcadia
630 2353 786 2422 instituisse,
798 2361 827 2406 ut
839 2352 906 2406 nudi
922 2351 1044 2424 juvenes,
1058 2351 1110 2423 Ly·
1176 2355 1180 2420 ’ξ

202 2445 283 2484 ceum
296 2428 371 2482 Pana
383 2438 550 2496 venerantes,
561 2446 608 2500 per
618 2427 707 2482 lusum
717 2437 796 2500 atque
806 2427 943 2483 lasciviam
954 2437 1109 2495 currerent}
1118 2430 1143 2470 25
1177 2427 1179 2467 ἓ

202 2520 284 2575 quem
294 2503 414 2558 Romani
424 2503 524 2558 deinde
532 2503 663 2560 vocitant
673 2504 780 2559 Inuum.
807 2504 881 2560 Huic
889 2503 1109 2570 deditisludicro,
1166 2518 1183 2576 ¹‚j

203 2597 285 2651 quum
299 2579 410 2634 solenne
422 2588 515 2635 notum
528 2591 608 2650 esset,
621 2581 760 2637 insidiatos
772 2581 807 2637 ob
819 2581 886 2636 iram
898 2582 995 2654 praedae
1006 2581 1110 2636 amisse
1176 2583 1179 2598 ²

203 2654 330 2724 latrones,
346 2674 429 2728 quum
441 2655 577 2712 Romulus
589 2657 615 2712 vi
627 2675 656 2712 se
669 2657 843 2724 defendisset,
857 2657 976 2713 Remum
989 2658 1109 2731 cepisse3

203 2741 314 2805 captum
333 2733 390 2806 regi
409 2732 520 2789 Amulio
538 2733 688 2802 tradidisse,
702 2735 771 2792 ultro
789 2745 956 2790 accusantes.
995 2733 1110 2790 Crimini

203 2806 320 2865 maxim&
333 2809 443 2880 dabant,
456 2809 485 2865 in
497 2810 648 2866 Numitoris
661 2829 738 2886 agros
748 2811 782 2867 ab
792 2812 834 2866 his
844 2811 974 2885 impetum
984 2811 1057 2878 lieri3
1071 2810 1143 2866 in··³⁰

204 2885 239 2942 de
252 2904 308 2952 cos,
321 2886 437 2944 collectis
453 2887 582 2960 juvenum
603 2906 693 2954 manu,
707 2888 830 2944 hostilem
843 2889 870 2944 in
883 2889 993 2946 modum
1006 2887 1111 2961 praedas

205 2979 302 3036 agere:
315 2963 355 3019 sic
365 2963 503 3020 Numitori
511 2963 544 3019 ad
553 2964 712 3037 supplicium
721 2964 826 3021 Remus
836 2965 951 3020 deditur.
977 2964 1110 3020 Jaminde

205 3039 240 3094 ab
252 3038 329 3096 initio
341 3039 472 3096 Faustulo
484 3059 544 3113 spes
557 3041 651 3112 fuerat,
664 3041 765 3116 regiam
779 3041 887 3115 stirpem
906 3041 976 3115 apud
997 3059 1026 3097 sc
1045 3041 1111 3096 edu-

203 3112 277 3184 carl;
291 3133 354 3171 nam
364 3126 392 3172 et
401 3116 534 3190 expositos
544 3117 620 3191 jussu
630 3119 701 3192 regis
711 3117 827 3174 infantes
837 3118 948 3184 sciebat,
959 3128 987 3174 et
996 3128 1110 3191 tempus,

205 3209 259 3265 quo
270 3191 328 3266 ipse
340 3211 386 3250 eos
398 3193 557 3264 sustulisset,
571 3195 604 3249 ad
617 3194 645 3250 id
658 3195 745 3268 ipsum
757 3213 922 3270 congruere3
936 3195 984 3251 sed
994 3213 1051 3250 rem
1063 3194 1144 3249 im·³⁵

205 3277 349 3336 maturam,
370 3270 423 3326 nisi
445 3281 492 3326 aut
513 3289 560 3344 per
581 3271 752 3328 occasionem
775 3283 821 3328 aut
842 3291 890 3346 per
911 3271 1110 3336 necessitatem,

206 3345 304 3421 aperiri
326 3346 455 3404 noluerat.
493 3347 650 3404 Necessitas
671 3348 741 3422 prior
763 3349 851 3405 venit:
872 3350 917 3416 ita,
929 3359 1003 3405 metu
1016 3346 1111 3403 subsc

205 3432 259 3494 tus,
272 3423 459 3480 Romularem
479 3425 572 3497 aperit.
611 3425 691 3481 Forte
704 3436 731 3482 et
742 3423 889 3491 Numitori,
902 3443 984 3499 quum
1003 3424 1032 3480 in
1052 3442 1113 3480 cus«

206 3501 283 3558 todia
303 3500 423 3558 Remum
445 3500 565 3573 haberet,
587 3501 757 3576 audissetque
779 3503 902 3578 geminos
923 3520 983 3558 esse
1007 3500 1110 3567 fratres,

207 3578 390 3651 comparando
402 3586 430 3634 et
442 3586 546 3634 autem
559 3597 661 3650 eorum,
674 3589 701 3636 et
713 3581 798 3654 ipsam
810 3579 920 3636 minime
934 3578 1055 3635 servilem
1070 3578 1144 3634 in-tt

207 3651 307 3727 dolam,
319 3654 445 3730 tetigerat
456 3655 575 3712 animum
589 3657 717 3714 memoria
729 3667 857 3734 nepotum
869 3675 875 3712 :
896 3653 1111 3728 sciscitandoque

207 3726 305 3790 ebdem
325 3731 456 3809 peruenit,
478 3742 509 3790 ut
530 3733 603 3792 haud
623 3735 716 3811 procul
738 3743 818 3804 esset,
839 3733 905 3808 quin
927 3733 1048 3793 Remum
1065 3746 1112 3808 tg-
1152 3812 1155 3819 Ἀ

1156 3781 1168 3872 l
