2638 4206
171 367 227 428 lot
570 359 734 416 rrntmn

170 505 269 600 Quum
282 526 298 566 e
311 505 381 566 saltu
394 505 553 579 evasissent,
566 507 627 598 etsi,
641 507 716 564 velut
728 505 763 563 ab
786 499 881 564 inferis
900 505 1028 578 extracti,
1040 514 1100 563 turn

171 585 288 664 primurn
301 586 394 644 lucem
407 585 585 660 adspicere
563 585 612 642 vrsi
625 595 699 652 ιιιιιι,
714 597 816 642 tamen
829 585 887 660 ipsa
899 585 967 643 lux'
960 595 999 641 rta
1011 551 1100 642 ‹lesor-
1138 595 1140 600 '

171 681 216 724 me
242 664 413 731 intuentibus
438 682 537 739 agmen
564 663 640 722 omni
660 675 746 720 morte
770 663 870 722 tristior
892 661 952 723 fuit.
992 662 1099 751 Itaque,

170 761 255 816 quum
278 753 341 798 ante
364 751 473 798 noctem
497 741 621 817 Capuam
642 741 784 816 pervenire
807 753 926 816 possent,
944 740 1044 798 incerti
1063 739 1099 796 de

170 819 224 877 fide
238 819 382 890 sociorum,
396 830 424 876 et
436 816 508 908 quiid
522 820 608 893 pudor
628 819 820 894 praepediebat,
844 818 920 876 circa
940 819 1011 876 viam
1024 817 1099 874 haud
1123 817 1135 876 'J'

169 897 264 974 procul
279 897 383 973 Capua,
396 896 519 956 omnium
542 897 634 972 egeni,
657 915 771 972 corpora
794 895 871 954 humi
887 904 1098 986 prostraverunt

170 975 255 1065 quod
270 975 317 1031 ubi
329 985 371 1032 est
384 975 508 1064 Capuam
522 976 687 1040 nuntiatum,
711 975 793 1032 evicit
815 975 953 1032 miseratio
970 975 1043 1049 justa
1055 991 1099 1030 so

170 1052 277 1111 ciorum
290 1052 464 1128 superbiam
457 1052 608 1126 ingenitam
623 1052 791 1127 Campanis:
821 1052 986 1110 consestim'
979 1050 1100 1126 insignia

170 1149 222 1189 sua
241 1130 409 1196 consulibus,
434 1129 531 1198 fasces,
555 1130 673 1200 lictores,
701 1149 786 1202 arma,
811 1150 905 1206 equos,
926 1130 1098 1196 vestimenta,

104 1210 106 1220 ⁴
170 1219 342 1266 commeatus
354 1208 485 1265 militibus
499 1209 618 1283 benigne
632 1209 760 1276 mittunt,
781 1219 809 1265 et
822 1209 994 1266 venientibus
1007 1207 1099 1282 Capu·
1108 1215 1133 1255 1⁰

170 1305 215 1344 arn
229 1298 346 1344 cunctus
366 1298 477 1344 senatus
489 1287 668 1376 populusque,
691 1285 798 1343 obviam
811 1287 924 1362 egressi,
942 1285 1023 1360 justis
1041 1303 1100 1342 om·

170 1365 253 1423 nibus
266 1365 452 1440 hospitalibus,
466 1365 629 1440 privatisque
644 1375 672 1420 et
684 1363 802 1439 publicis
816 1364 967 1439 funguutur
980 1362 1098 1430 officiis,

170 1461 260 1517 neque
273 1443 326 1500 illis
339 1443 475 1500 sociorum
495 1443 619 1508 comitas,
633 1442 777 1516 vultusque
791 1441 914 1518 benigni,
934 1454 963 1499 et
982 1440 1099 1515 alloquia

170 1539 227 1579 non
241 1519 322 1578 modd
336 1539 490 1578 sermonem
504 1521 615 1609 elicere,
629 1521 676 1576 sed
691 1539 736 1587 ne,
751 1531 781 1578 ut
793 1521 888 1578 oculos
899 1521 1009 1596 quidem
1023 1517 1098 1576 attol-

122 1657 125 1662 ,
170 1597 269 1666 lerent,
289 1610 336 1657 aut
356 1599 529 1656 consolantes
548 1599 652 1656 amicos
671 1609 768 1656 contra
786 1599 969 1670 intuerentur,
988 1597 1097 1654 efficere
1108 1604 1134 1644 1⁵

207 1686 311 1734 terant:
332 1676 412 1744 aded,
427 1695 507 1751 super
521 1694 674 1742 merorem,
690 1676 778 1750 pudor
796 1675 909 1752 quidam
929 1677 1023 1752 sugere
1043 1676 1099 1734 col·

181 1755 261 1830 oquia
274 1768 302 1810 et
314 1769 403 1811 cratus
416 1754 558 1810 hominum
571 1754 696 1830 cogebat
736 1753 849 1811 Postero
870 1755 914 1814 die
928 1773 1012 1829 quum
1023 1754 1099 1828 juve·

169 1849 220 1888 nes
233 1833 347 1904 nobiles,
360 1832 436 1888 missi
449 1851 466 1888 a
478 1831 585 1906 Capua,
611 1843 639 1888 ut
652 1831 857 1906 proficiscentes
870 1833 905 1889 ad
919 1833 1002 1892 linem
1016 1833 1099 1888 Cam

169 1927 271 1986 panum
294 1921 530 1986 prosequerentur,
554 1910 743 1978 revertissent;
776 1910 936 1999 vocatique
943 1912 970 1968 iu
993 1909 1098 1968 curiam

169 1989 394 2080 percontantibus
404 1987 556 2092 majoribus
569 1999 646 2062 netu,
661 1997 679 2024 “
688 1954 773 2046 multd
785 1989 837 2046 sibi
848 1983 1000 2062 moestiores
1013 2001 1041 2044 et
1053 1988 1132 2044 aba

171 2075 189 2103 ‘⁶
195 2067 318 2147 Jectrorrs
326 2086 410 2123 anrmr
422 2067 501 2132 visos,
504 2065 679 2136 ”referrent;
694 2066 792 2122 ‘adeo
801 2067 894 2140 silens
906 2085 938 2124 ac
949 2086 1031 2141 prope
1041 2084 1099 2122 mu-

170 2152 256 2202 ιιιιιιιι
270 2163 369 2222 agmen
383 2143 547 2208 incessisse:
581 2155 673 2202 tacere
692 2143 813 2202 indolem
836 2113 910 2202 illabr
932 2145 1098 2213 Romanam,

170 2223 354 2298 “ablatosque
367 2241 432 2280 curn
445 2222 528 2280 annis
541 2222 665 2283 animos.
698 2241 754 2282 non
767 2223 882 2280 reddere
902 2222 1028 2294 salutem,
1042 2241 1099 2280 ιιοιι

170 2301 377 2378 “salutantibus
390 2301 455 2370 dare
469 2319 639 2376 responsuro,
660 2319 716 2358 non
739 2301 845 2360 hiscere
865 2319 1029 2375 quemquam
1042 2318 1098 2375 pre

170 2373 272 2438 “metu
289 2381 417 2455 potuisse,
432 2390 570 2468 tamquam
594 2379 744 2436 ferentibus
765 2379 856 2436 adhuc
879 2378 1064 2436 cervicibus
1054 2397 1098 2453 ιιι-
1086 2381 1132 2422 -25

169 2467 188 2495 ‘⁴
197 2477 272 2533 gum,
286 2457 338 2514 sub
351 2473 405 2532 quo
417 2455 511 2514 emissi
524 2469 625 2514 essent
665 2455 777 2514 Habere
791 2457 930 2516 Samnites
945 2456 1097 2546 victoriam,

170 2545 188 2572 “
198 2555 252 2592 non
267 2534 427 2610 praeclaram
441 2535 543 2606 solum,
557 2534 605 2592 sed
619 2535 702 2592 etiam
712 2546 890 2609 perpetuam·
884 2579 891 2591 .
905 2535 1011 2608 cepisse
1022 2533 1098 2592 enim

170 2621 244 2670 “eos
257 2632 312 2670 non
326 2613 455 2680 Romam,
469 2611 542 2668 sicut
554 2612 616 2668 ante
630 2611 732 2678 Gallos,
757 2612 815 2684 sed,
836 2613 909 2686 quod
922 2611 1008 2671 multi>
1023 2611 1099 2670 belli·

170 2699 188 2728 “
197 2691 288 2748 coslus
301 2689 394 2760 fuerit,
408 2689 565 2748 Romanam
578 2689 704 2758 virtutem
719 2687 932 2766 ferociamque.”

206 2846 273 2906 VII.
293 2848 391 2912 Quum
405 2847 466 2904 hec
479 2845 636 2907 dicerentur
650 2846 873 2935 audirenturque,
886 2857 914 2904 et
927 2847 1130 2922 deploratum&

167 2946 246 3005 paene
259 2925 418 2998 Romanum
430 2943 531 2988 nomen
544 2924 573 2982 in
587 2923 705 2982 concilio
718 2924 854 2982 sociorum
868 2925 990 2982 fidelium
1004 2935 1096 2994 esset,

167 3005 268 3063 dicitur
281 2991 382 3063 Ofilius
395 3003 532 3072 Calavius,
546 3001 610 3060 Ovii
624 3003 704 3072 filius,
726 3001 817 3060 clarus
838 3021 943 3078 genere
954 3002 1095 3075 sectisque,
1155 3033 1158 3042 ,

168 3092 227 3139 tum
241 3083 323 3140 etiarn
337 3091 416 3140 aetate
430 3049 574 3149 verendus,
589 3081 670 3156 longe
693 3079 770 3137 aliter
784 3100 813 3140 se
828 3081 928 3138 habere
942 3098 999 3139 rem
1013 3079 1097 3136 dixis·

168 3178 214 3216 se:
207 3169 254 3196 ·“
264 3161 410 3218 Silentium
424 3159 491 3217 illud
504 3159 680 3223 obstinatum,
694 3157 835 3234 fixosque'
829 3178 856 3216 m
877 3169 977 3214 terram
989 3156 1095 3225 oculos,

169 3247 225 3294 “et
237 3238 333 3294 surdas
356 3238 390 3294 ad
411 3238 505 3294 omnia
525 3238 621 3294 solatia
646 3255 735 3303 aures,
756 3250 784 3294 et
803 3236 937 3327 pudorem
954 3235 1130 3302 intuendam

169 3315 297 3381 “lucis,
290 3327 430 3390 sugentem
444 3316 564 3372 molcm'
557 3333 657 3372 irarum
680 3333 715 3370 err
737 3315 791 3372 alto
807 3313 900 3370 animo
913 3313 1012 3370 cientis
1025 3312 1097 3370 indi·

169 3392 241 3451 “cia
253 3411 332 3450 esse·
353 3404 400 3454 aut
413 3393 543 3450 Romana
556 3412 586 3450 se
598 3393 723 3481 ignorare
744 3392 865 3470 ingenia,
887 3403 935 3449 aut
954 3391 1096 3462 silentium

169 3461 263 3542 “illud
286 3471 456 3538 Samnitibus
478 3469 583 3529 flebiles
606 3470 681 3528 brevi
701 3472 835 3528 clamores
857 3471 1030 3546 gemitusque
1050 3489 1097 3528 ex·

170 3557 188 3586 ⁸‘
196 3550 358 3618 citaturum,
379 3548 567 3638 Caudinoequc
581 3548 657 3626 pacis
670 3548 809 3623 aliquanto
819 3549 998 3618 Samnitibus,
1013 3567 1096 3623 quam

169 3625 342 3699 “Romanis,
355 3627 501 3692 tristiorem
515 3627 674 3706 memoriam
688 3627 754 3684 fure.
793 3626 907 3702 Quippe
925 3647 989 3686 suos
1002 3645 1097 3703 quem·
1084 3633 1130 3674 .et

170 3710 249 3793 “que
273 3723 368 3765 eorum
393 3704 499 3763 animos
524 3697 691 3782 habiturum,
724 3706 889 3780 ubicumque
921 3704 1096 3812 congressuri

170 3781 269 3857 “siqt:
289 3781 374 3867 saltqs
386 3781 527 3901 Caudinos
540 3803 595 3846 nou
610 3783 710 3860 ubique
724 3783 992 3858 Samnitibualore’'
1032 3783 1096 3850 Jam
