2638 4206
550 317 651 370 LIBER
663 319 715 370 111.
733 333 795 370 oar.
805 335 854 370 mr.
1134 323 1175 386 m

243 465 321 534 citui,
348 439 443 542 rigind
469 464 587 524 tribunis
616 463 734 522 militurn
761 463 904 538 negotium
923 463 1068 536 dederunt,
1089 473 1121 524 ut
1139 483 1174 524 ex

243 563 293 602 suo
318 563 432 601 numero
455 543 524 600 duos
547 553 682 614 crearent,
703 543 750 617 qui
770 559 885 599 summe
905 558 994 598 rerum
1015 554 1173 617 preessent.

241 621 283 679 M.
290 623 420 697 Oppium,
430 622 494 678 Sex.
506 621 652 678 Manilium
662 632 766 678 creant.
788 619 892 691 Patres,
900 620 1009 678 solliciti
1020 620 1055 678 de
1065 622 1175 678 summa

240 719 341 778 rerum,
355 718 440 774 quum
461 711 573 756 senatus
595 699 716 772 quotidie
729 709 821 765 esset,
843 698 942 773 jurgiis
963 698 1064 775 saepius
1081 709 1175 756 terunt

219 788 355 853 stempas,
370 779 451 852 quim
466 777 597 835 consiliis.
638 777 724 834 Siccii
738 778 830 834 caedes
849 777 1021 846 decemviris,
1040 787 1069 834 et
1088 777 1175 852 Appi·

239 875 293 913 ana
317 856 413 923 libido,
440 867 467 912 et
487 857 624 912 dedecora
654 855 758 912 militiae
771 855 981 930 objiciebantur.
1033 854 1173 926 Placebat,

145 987 148 1004 ,
238 934 381 991 Valerium
395 934 596 1008 Horatiumque
617 933 657 990 ire
671 933 698 989 in
714 935 904 990 Aventinum:
939 933 978 990 illi
992 933 1174 1008 negabantse

237 1012 317 1069 aliter
329 1014 424 1085 ituros,
439 1012 520 1086 quim
535 1014 556 1068 si
581 1011 730 1068 decemviri
750 1013 921 1086 deponerent
933 1011 1054 1086 insignia
1073 1011 1174 1086 magis·
1194 1015 1196 1022 ’

237 1093 323 1148 tratds
336 1092 405 1166 ejus,
429 1111 483 1165 quo
507 1109 580 1147 anno
601 1091 658 1166 jam
672 1089 735 1147 ante
749 1090 879 1146 abissent.
920 1090 1087 1162 Decemviri,
1108 1109 1174 1162 que-

207 1180 230 1218 10
239 1180 330 1225 rentes
356 1188 385 1225 se
410 1168 440 1224 iu
462 1171 586 1226 ordinem
608 1168 681 1242 cogi,
702 1187 758 1224 non
779 1169 850 1238 aute,
875 1167 958 1242 qudm
978 1167 1088 1242 perlatis
1108 1167 1174 1242 legi-

239 1246 299 1311 bus,
320 1265 435 1321 quarum
458 1248 545 1303 causa
565 1245 650 1302 creati
670 1257 772 1313 essent,
787 1246 958 1320 deposituros
978 1245 1123 1322 imperium
1143 1264 1173 1302 se

239 1324 359 1380 aiebant.
1197 1365 1204 1408 ί

1197 1433 1203 1454 l

263 1482 342 1550 ,LIL
376 1483 429 1540 Per
443 1484 485 1540 M.
500 1484 635 1555 Duiliurn,
656 1483 702 1558 qui
716 1482 843 1540 tribunus
860 1484 948 1558 plebis
962 1483 1059 1550 suerat,
1074 1483 1173 1556 certior

240 1559 313 1616 facta
326 1561 412 1635 plebs,
427 1563 652 1618 contentionibus
666 1562 784 1618 assiduis
794 1562 863 1618 nihil
874 1561 998 1636 transigi,
1012 1561 1041 1618 in
1056 1563 1173 1618 Sacrum

206 1651 229 1690 15
237 1649 359 1694 montem
372 1659 407 1695 ex
420 1641 561 1697 Aventino
574 1641 672 1696 transit
680 1660 687 1708 ;
709 1639 863 1696 affirmante
871 1639 976 1706 Duilio,
991 1646 1009 1676 “
1018 1659 1074 1697 nou
1088 1637 1172 1714 priris,

237 1721 255 1752 ‘²
265 1717 347 1790 quim
363 1718 452 1773 deseri
466 1717 570 1774 Urbem
584 1718 704 1788 videant,
726 1736 822 1774 curam
836 1717 864 1773 in
880 1718 986 1774 animos
999 1717 1173 1774 Patrum'de·

236 1802 441 1852 “sceusuram:
475 1796 680 1852 admoniturum
706 1791 825 1852 Sacrum
856 1807 977 1853 montem
1009 1793 1173 1852 constantiae

237 1873 255 1907 “
264 1873 370 1946 plebis:
404 1873 529 1940 scituros,
550 1873 625 1948 quod
646 1875 705 1930 siue
735 1874 861 1932 restituti
880 1884 1014 1948 potestate
1034 1873 1122 1948 redigi
1143 1872 1172 1929 in

237 1953 441 2007 “concordiam
462 1971 506 2007 res
526 1953 693 2026 nequeant.'’
748 1953 802 2008 Via
827 1951 1005 2009 Nomentana
1030 1951 1089 2026 (cui
1112 1963 1171 2006 tum
1194 1952 1196 1962 '

203 2039 228 2077 20
238 2025 381 2084 Ficulensi
394 2047 495 2084 nomen
509 2030 573 2105 fuit)
587 2031 711 2103 profecti,
726 2041 816 2087 castra
839 2031 867 2086 in
890 2041 983 2087 monte
1000 2031 1086 2086 Sacro
1099 2028 1172 2085 loca-

238 2103 322 2171 vdre3
344 2106 506 2162 modestiam
520 2119 626 2179 patrum
638 2127 748 2164 suorum
763 2109 831 2164 nihil
846 2108 973 2166 violando
986 2107 1093 2164 imitati.
1123 2107 1172 2163 Se-

237 2193 303 2238 cuta
316 2185 466 2240 exercitum
480 2184 567 2257 plebe,
582 2184 665 2253 nullo,
686 2187 732 2258 qui
753 2205 802 2258 per
822 2197 930 2242 aetatem
954 2187 994 2242 ire
1017 2195 1118 2260 posset,
1131 2204 1172 2241 re·

236 2271 380 2317 tractante.
422 2262 628 2335 Prosequuutur
652 2263 785 2336 conjuges
808 2262 951 2336 liberique,
980 2263 1121 2319 “cuinam
1142 2280 1172 2317 se

235 2339 448 2413 “relinquerent
462 2340 489 2395 in
504 2341 538 2396 ed
552 2340 629 2410 urbe,
644 2340 671 2396 iu
685 2341 739 2414 qua
762 2359 816 2396 nec
830 2341 972 2414 pudicitia,
994 2358 1048 2406 neq
1060 2340 1172 2396 libertas

202 2420 359 2476 25“saucta
379 2419 482 2484 esset,’'
503 2419 695 2477 miserabiliter
708 2419 867 2492 rogitantes.
906 2419 1005 2479 Quum
1025 2429 1103 2474 vasta
1114 2418 1172 2474 Ilo·

236 2513 287 2549 mae
301 2497 394 2552 omnia
408 2498 517 2552 insueta
539 2496 657 2554 solitudo
681 2497 799 2566 fecisset,
824 2497 853 2552 in
876 2496 933 2554 loro
950 2508 1048 2571 praeter
1068 2513 1171 2572 paucos

235 2573 374 2630 seniorum
389 2593 471 2631 nemo
491 2586 585 2642 esset3
606 2576 710 2631 vocatis
724 2576 818 2648 utique
840 2576 868 2632 in
892 2587 1018 2632 senatum
1033 2574 1169 2643 Patribus,
1183 2577 1186 2585 “

235 2649 374 2708 desertum
388 2654 559 2728 apparuisset
572 2654 678 2720 sorum3
709 2653 801 2728 plures
812 2653 879 2728 jam,
893 2653 976 2727 quim
991 2653 1123 2710 Horatius
1143 2661 1172 2708 et

236 2726 373 2795 Valerius,
389 2731 615 2800 vociferabantur,
638 2731 745 2792 “Quid
768 2733 972 2806 exspectabitis,
997 2732 1093 2788 Patres
1106 2749 1171 2786 con-

203 2806 379 2880 ao“scriptil
420 2809 450 2864 Si
471 2809 620 2865 decemviri
635 2809 718 2866 finem
739 2810 897 2883 pertinaciae
918 2829 974 2866 non
997 2809 1112 2872 faciunt,
1127 2826 1172 2862 ru-

237 2887 312 2939 “ere
327 2903 360 2940 ao
374 2885 525 2960 deflagrare
538 2887 632 2942 omnia
645 2889 751 2961 passuri
765 2889 852 2944 estisl
891 2886 978 2947 Quod
992 2896 1083 2942 autem
1098 2882 1170 2941 istud

236 2961 410 3036 “imperium
433 2975 484 3035 est,
505 2965 664 3031 decemviri,
688 2967 760 3039 quod
779 2966 896 3040 amplexi
910 2964 1032 3026 tenerier
1073 2961 1171 3033 Tectis

234 3041 295 3096 “ac
315 3042 464 3115 parietibus
494 3042 556 3116 jura
586 3043 686 3100 dicturi
700 3045 787 3100 estisl
840 3043 907 3100 Non
927 3043 1021 3117 pudet,
1043 3042 1170 3119 lictorum

234 3125 409 3176 “vestrorum
424 3120 555 3194 majorem
569 3120 653 3195 prope
668 3141 816 3180 numerum
826 3122 855 3178 iu
868 3121 927 3177 soro
941 3120 1072 3196 conspici,
1087 3119 1169 3193 quam

201 3211 226 3250 ³5
235 3202 251 3227 “
260 3207 413 3271 togatorum
440 3199 632 3272 aliorumquel
683 3199 772 3266 Quid,
797 3201 820 3256 si
834 3201 925 3255 hostes
938 3201 972 3256 ad
986 3200 1081 3257 urbem
1095 3196 1170 3252 veni·

233 3275 319 3346 “ant,
334 3276 431 3332 facturi
446 3277 532 3333 estisl
562 3278 638 3351 quid,
653 3277 675 3334 si
689 3278 766 3352 plebs
780 3295 853 3347 mox,
868 3277 914 3333 ubi
929 3295 1022 3352 parum
1037 3274 1169 3332 secessio·

235 3353 298 3408 “ne
319 3373 487 3427 moveamur,
516 3368 621 3416 armata
650 3356 766 3412 veniatl
818 3355 967 3412 Occasune
985 3353 1069 3428 'urbis
1088 3350 1170 3407 vultis

238 3429 343 3488 “finire
355 3432 524 3506 imperium?
567 3434 650 3508 Atqui
672 3444 720 3489 aut
741 3433 819 3507 plebs
841 3453 897 3490 non
911 3423 1108 3500 est'habenda,
1122 3439 1169 3485 aut

199 3521 202 3528 ·
236 3507 387 3566 “habendi
407 3521 472 3566 sunt
495 3511 598 3568 tribuni
619 3511 714 3585 plebis.
755 3511 815 3568 Nos
839 3508 1102 3585 citiirscarueriruua
1122 3513 1172 3582 pa·¹

195 3585 352 3665 fto“triciis
365 3589 577 3664 magistratibus,
601 3587 684 3662 quam
708 3590 746 3647 illi
760 3590 898 3666 plebejis'
921 3588 1029 3645 Novam
1042 3585 1171 3661 inexper-

203 3665 205 3677 '
236 3667 374 3738 “tamque
388 3683 448 3722 cam
463 3677 624 3742 potestatem
638 3668 763 3741 eripuere
776 3669 897 3743 patribus
910 3664 1019 3732 nostris,
1033 3683 1069 3721 ne
1082 3681 1170 3734 nuuc,

236 3741 414 3801 “dulcedine
428 3745 523 3880 semel)
537 3744 620 3820 eapti,
641 3745 737 3824 leramx
749 3745 934 3806 desiderium:
959 3759 1044 3820 quum
1056 3759 1170 3820 praser-

220 3831 256 3866 ,V
