<?xml version="1.0" encoding="UTF-8"?>
<!DOCTYPE html PUBLIC "-//W3C//DTD XHTML 1.0 Transitional//EN"
    "http://www.w3.org/TR/xhtml1/DTD/xhtml1-transitional.dtd">
<html xmlns="http://www.w3.org/1999/xhtml" xml:lang="en" lang="en">
 <head>
  <title>
</title>
<meta http-equiv="Content-Type" content="text/html;charset=utf-8" />
  <meta name='ocr-system' content='tesseract 3.04.00' />
  <meta name='ocr-capabilities' content='ocr_page ocr_carea ocr_par ocr_line ocrx_word'/>
</head>
<body>
  <div class='ocr_page' id='page_1' title='image "./historiarumetse04livygoog_0168.png"; bbox 0 0 2638 4206; ppageno 0'>
   <div class='ocr_carea' id='block_1_1' title="bbox 530 325 1147 396">
    <p class='ocr_par' dir='ltr' id='par_1_1' title="bbox 530 325 1147 396">
     <span class='ocr_line' id='line_1_1' title="bbox 530 325 1147 396; baseline -0.003 -18"><span class='ocrx_word' id='word_1_1' title='bbox 530 325 633 396; x_wconf 74' lang='lat' dir='ltr'>naua</span> <span class='ocrx_word' id='word_1_2' title='bbox 647 325 693 376; x_wconf 81' lang='lat' dir='ltr'>IX.</span> <span class='ocrx_word' id='word_1_3' title='bbox 724 337 829 376; x_wconf 72' lang='lat' dir='ltr'>cantv·</span> <span class='ocrx_word' id='word_1_4' title='bbox 1092 328 1147 392; x_wconf 72' lang='grc'>149</span> 
     </span>
    </p>
   </div>
   <div class='ocr_carea' id='block_1_2' title="bbox 138 466 1193 2799">
    <p class='ocr_par' dir='ltr' id='par_1_2' title="bbox 138 466 1193 2799">
     <span class='ocr_line' id='line_1_2' title="bbox 217 466 1147 546; baseline 0.006 -22"><span class='ocrx_word' id='word_1_5' title='bbox 217 479 263 524; x_wconf 81' lang='lat' dir='ltr'>tas</span> <span class='ocrx_word' id='word_1_6' title='bbox 292 467 492 542; x_wconf 80' lang='lat' dir='ltr'>consulendum</span> <span class='ocrx_word' id='word_1_7' title='bbox 518 477 642 528; x_wconf 85' lang='lat' dir='ltr'>censent.</span> <span class='ocrx_word' id='word_1_8' title='bbox 700 467 764 526; x_wconf 84' lang='lat' dir='ltr'>Jam</span> <span class='ocrx_word' id='word_1_9' title='bbox 791 466 825 540; x_wconf 85' lang='lat' dir='ltr'>is,</span> <span class='ocrx_word' id='word_1_10' title='bbox 851 467 941 546; x_wconf 68' lang='lat' dir='ltr'>grauis</span> <span class='ocrx_word' id='word_1_11' title='bbox 969 468 1060 539; x_wconf 88' lang='lat' dir='ltr'>annis,</span> <span class='ocrx_word' id='word_1_12' title='bbox 1089 488 1147 543; x_wconf 84' lang='lat' dir='ltr'>non</span> 
     </span>
     <span class='ocr_line' id='line_1_3' title="bbox 218 545 1148 622; baseline 0.009 -22"><span class='ocrx_word' id='word_1_13' title='bbox 218 545 381 604; x_wconf 86' lang='lat' dir='ltr'>militaribus</span> <span class='ocrx_word' id='word_1_14' title='bbox 393 546 492 614; x_wconf 78' lang='lat' dir='ltr'>sotum,</span> <span class='ocrx_word' id='word_1_15' title='bbox 506 548 555 604; x_wconf 87' lang='lat' dir='ltr'>sed</span> <span class='ocrx_word' id='word_1_16' title='bbox 569 546 695 606; x_wconf 85' lang='lat' dir='ltr'>civilibus</span> <span class='ocrx_word' id='word_1_17' title='bbox 709 564 825 622; x_wconf 84' lang='lat' dir='ltr'>quoque,</span> <span class='ocrx_word' id='word_1_18' title='bbox 844 547 1014 604; x_wconf 75' lang='lat' dir='ltr'>abscesserat</span> <span class='ocrx_word' id='word_1_19' title='bbox 1027 549 1148 608; x_wconf 86' lang='lat' dir='ltr'>muneri·</span> 
     </span>
     <span class='ocr_line' id='line_1_4' title="bbox 219 621 1148 700; baseline 0.009 -22"><span class='ocrx_word' id='word_1_20' title='bbox 219 621 287 679; x_wconf 79' lang='lat' dir='ltr'>bus:</span> <span class='ocrx_word' id='word_1_21' title='bbox 312 623 354 681; x_wconf 80' lang='lat' dir='ltr'>&#39;in</span> <span class='ocrx_word' id='word_1_22' title='bbox 386 643 499 700; x_wconf 82' lang='lat' dir='ltr'>corpore</span> <span class='ocrx_word' id='word_1_23' title='bbox 525 635 618 682; x_wconf 88' lang='lat' dir='ltr'>tumen</span> <span class='ocrx_word' id='word_1_24' title='bbox 648 625 748 682; x_wconf 83' lang='lat' dir='ltr'>affecto</span> <span class='ocrx_word' id='word_1_25' title='bbox 776 623 886 700; x_wconf 85' lang='lat' dir='ltr'>rigebat</span> <span class='ocrx_word' id='word_1_26' title='bbox 911 621 952 682; x_wconf 85' lang='lat' dir='ltr'>vis</span> <span class='ocrx_word' id='word_1_27' title='bbox 977 625 1062 683; x_wconf 88' lang='lat' dir='ltr'>animi</span> <span class='ocrx_word' id='word_1_28' title='bbox 1081 639 1148 686; x_wconf 85' lang='lat' dir='ltr'>oon·</span> 
     </span>
     <span class='ocr_line' id='line_1_5' title="bbox 219 699 1148 779; baseline 0.008 -24"><span class='ocrx_word' id='word_1_29' title='bbox 219 699 334 774; x_wconf 85' lang='lat' dir='ltr'>sillique.</span> <span class='ocrx_word' id='word_1_30' title='bbox 374 701 411 774; x_wconf 87' lang='lat' dir='ltr'>Is,</span> <span class='ocrx_word' id='word_1_31' title='bbox 425 703 473 760; x_wconf 90' lang='lat' dir='ltr'>ubi</span> <span class='ocrx_word' id='word_1_32' title='bbox 487 703 603 779; x_wconf 88' lang='lat' dir='ltr'>accepit,</span> <span class='ocrx_word' id='word_1_33' title='bbox 616 703 651 759; x_wconf 89' lang='lat' dir='ltr'>ad</span> <span class='ocrx_word' id='word_1_34' title='bbox 674 701 810 759; x_wconf 79' lang='lat' dir='ltr'><strong>Furculas</strong></span> <span class='ocrx_word' id='word_1_35' title='bbox 831 701 973 760; x_wconf 83' lang='lat' dir='ltr'>Caudinus</span> <span class='ocrx_word' id='word_1_36' title='bbox 993 703 1064 761; x_wconf 92' lang='lat' dir='ltr'>inter</span> <span class='ocrx_word' id='word_1_37' title='bbox 1078 705 1148 762; x_wconf 82' lang='lat' dir='ltr'>duos</span> 
     </span>
     <span class='ocr_line' id='line_1_6' title="bbox 197 777 1149 850; baseline 0.007 -18"><span class='ocrx_word' id='word_1_38' title='bbox 197 777 303 838; x_wconf 78' lang='lat' dir='ltr'>ssaltus</span> <span class='ocrx_word' id='word_1_39' title='bbox 316 780 425 838; x_wconf 85' lang='lat' dir='ltr'>clausos</span> <span class='ocrx_word' id='word_1_40' title='bbox 437 799 498 838; x_wconf 86' lang='lat' dir='ltr'>esse</span> <span class='ocrx_word' id='word_1_41' title='bbox 511 779 649 838; x_wconf 86' lang='lat' dir='ltr'>exercitus</span> <span class='ocrx_word' id='word_1_42' title='bbox 662 779 813 850; x_wconf 88' lang='lat' dir='ltr'>Romanos,</span> <span class='ocrx_word' id='word_1_43' title='bbox 837 781 979 838; x_wconf 85' lang='lat' dir='ltr'>consultus</span> <span class='ocrx_word' id='word_1_44' title='bbox 1002 782 1036 838; x_wconf 88' lang='lat' dir='ltr'>ab</span> <span class='ocrx_word' id='word_1_45' title='bbox 1050 781 1149 844; x_wconf 90' lang='lat' dir='ltr'>nuntio</span> 
     </span>
     <span class='ocr_line' id='line_1_7' title="bbox 218 853 1149 934; baseline 0.01 -25"><span class='ocrx_word' id='word_1_46' title='bbox 218 853 276 927; x_wconf 86' lang='lat' dir='ltr'>lilii,</span> <span class='ocrx_word' id='word_1_47' title='bbox 289 859 408 924; x_wconf 80' lang='lat' dir='ltr'>censuit,</span> <span class='ocrx_word' id='word_1_48' title='bbox 422 877 518 916; x_wconf 90' lang='lat' dir='ltr'>omnes</span> <span class='ocrx_word' id='word_1_49' title='bbox 532 858 597 916; x_wconf 92' lang='lat' dir='ltr'>inde</span> <span class='ocrx_word' id='word_1_50' title='bbox 610 857 693 934; x_wconf 70' lang='lat' dir='ltr'>quim</span> <span class='ocrx_word' id='word_1_51' title='bbox 708 857 826 934; x_wconf 76' lang='lat' dir='ltr'>primum</span> <span class='ocrx_word' id='word_1_52' title='bbox 846 857 989 916; x_wconf 87' lang='lat' dir='ltr'>inviolatos</span> <span class='ocrx_word' id='word_1_53' title='bbox 1009 859 1149 918; x_wconf 56' lang='lat' dir='ltr'>dimittenss</span> 
     </span>
     <span class='ocr_line' id='line_1_8' title="bbox 216 932 1148 1013; baseline 0.008 -25"><span class='ocrx_word' id='word_1_54' title='bbox 216 932 283 1001; x_wconf 83' lang='lat' dir='ltr'>dos3</span> <span class='ocrx_word' id='word_1_55' title='bbox 304 954 365 1009; x_wconf 80' lang='lat' dir='ltr'>quan</span> <span class='ocrx_word' id='word_1_56' title='bbox 379 937 426 994; x_wconf 91' lang='lat' dir='ltr'>nbi</span> <span class='ocrx_word' id='word_1_57' title='bbox 437 949 527 1013; x_wconf 83' lang='lat' dir='ltr'>spreta</span> <span class='ocrx_word' id='word_1_58' title='bbox 540 937 678 994; x_wconf 87' lang='lat' dir='ltr'>sententia</span> <span class='ocrx_word' id='word_1_59' title='bbox 697 946 748 1003; x_wconf 89' lang='lat' dir='ltr'>est,</span> <span class='ocrx_word' id='word_1_60' title='bbox 769 935 931 1010; x_wconf 79' lang='lat' dir='ltr'>iterumque,</span> <span class='ocrx_word' id='word_1_61' title='bbox 945 937 1043 994; x_wconf 91' lang='lat' dir='ltr'>eodem</span> <span class='ocrx_word' id='word_1_62' title='bbox 1061 956 1148 995; x_wconf 88' lang='lat' dir='ltr'>reme-</span> 
     </span>
     <span class='ocr_line' id='line_1_9' title="bbox 216 1013 1149 1090; baseline 0.008 -25"><span class='ocrx_word' id='word_1_63' title='bbox 216 1019 280 1067; x_wconf 83' lang='lat' dir='ltr'>ante</span> <span class='ocrx_word' id='word_1_64' title='bbox 297 1014 405 1086; x_wconf 88' lang='lat' dir='ltr'>nuntio,</span> <span class='ocrx_word' id='word_1_65' title='bbox 418 1015 623 1090; x_wconf 78' lang='lat' dir='ltr'>consulebatur,</span> <span class='ocrx_word' id='word_1_66' title='bbox 644 1014 761 1086; x_wconf 89' lang='lat' dir='ltr'>censuit,</span> <span class='ocrx_word' id='word_1_67' title='bbox 782 1013 816 1071; x_wconf 91' lang='lat' dir='ltr'>ad</span> <span class='ocrx_word' id='word_1_68' title='bbox 837 1033 923 1071; x_wconf 87' lang='lat' dir='ltr'>unum</span> <span class='ocrx_word' id='word_1_69' title='bbox 936 1033 1033 1072; x_wconf 91' lang='lat' dir='ltr'>omnes</span> <span class='ocrx_word' id='word_1_70' title='bbox 1046 1013 1149 1084; x_wconf 79' lang='lat' dir='ltr'>interfi-</span> 
     </span>
     <span class='ocr_line' id='line_1_10' title="bbox 217 1088 1149 1170; baseline 0.009 -27"><span class='ocrx_word' id='word_1_71' title='bbox 217 1088 339 1149; x_wconf 85' lang='lat' dir='ltr'>ciendos.</span> <span class='ocrx_word' id='word_1_72' title='bbox 378 1091 453 1154; x_wconf 79' lang='lat' dir='ltr'>Quae</span> <span class='ocrx_word' id='word_1_73' title='bbox 467 1093 514 1150; x_wconf 92' lang='lat' dir='ltr'>ubi</span> <span class='ocrx_word' id='word_1_74' title='bbox 528 1103 584 1150; x_wconf 90' lang='lat' dir='ltr'>tarn</span> <span class='ocrx_word' id='word_1_75' title='bbox 597 1092 735 1150; x_wconf 77' lang='lat' dir='ltr'>discordia</span> <span class='ocrx_word' id='word_1_76' title='bbox 748 1092 818 1150; x_wconf 90' lang='lat' dir='ltr'>inter</span> <span class='ocrx_word' id='word_1_77' title='bbox 832 1111 872 1164; x_wconf 88' lang='lat' dir='ltr'>se,</span> <span class='ocrx_word' id='word_1_78' title='bbox 892 1093 966 1149; x_wconf 80' lang='lat' dir='ltr'>velut</span> <span class='ocrx_word' id='word_1_79' title='bbox 986 1112 1021 1150; x_wconf 83' lang='lat' dir='ltr'>ex</span> <span class='ocrx_word' id='word_1_80' title='bbox 1033 1093 1149 1170; x_wconf 91' lang='lat' dir='ltr'>ancipiti</span> 
     </span>
     <span class='ocr_line' id='line_1_11' title="bbox 186 1168 1148 1247; baseline 0.006 -23"><span class='ocrx_word' id='word_1_81' title='bbox 186 1168 337 1241; x_wconf 79' lang='lat' dir='ltr'>notaculo,</span> <span class='ocrx_word' id='word_1_82' title='bbox 351 1187 482 1246; x_wconf 88' lang='lat' dir='ltr'>responsa</span> <span class='ocrx_word' id='word_1_83' title='bbox 494 1171 559 1228; x_wconf 89' lang='lat' dir='ltr'>data</span> <span class='ocrx_word' id='word_1_84' title='bbox 571 1180 653 1240; x_wconf 84' lang='lat' dir='ltr'>sunt3</span> <span class='ocrx_word' id='word_1_85' title='bbox 675 1189 838 1246; x_wconf 88' lang='lat' dir='ltr'>quamquam</span> <span class='ocrx_word' id='word_1_86' title='bbox 852 1169 925 1228; x_wconf 84' lang='lat' dir='ltr'>filius</span> <span class='ocrx_word' id='word_1_87' title='bbox 938 1171 996 1247; x_wconf 91' lang='lat' dir='ltr'>ipse</span> <span class='ocrx_word' id='word_1_88' title='bbox 1010 1171 1148 1247; x_wconf 86' lang='lat' dir='ltr'>inprimis</span> 
     </span>
     <span class='ocr_line' id='line_1_12' title="bbox 215 1242 1149 1324; baseline 0.01 -26"><span class='ocrx_word' id='word_1_89' title='bbox 215 1242 273 1318; x_wconf 90' lang='lat' dir='ltr'>jam</span> <span class='ocrx_word' id='word_1_90' title='bbox 286 1247 409 1306; x_wconf 90' lang='lat' dir='ltr'>animum</span> <span class='ocrx_word' id='word_1_91' title='bbox 429 1266 536 1323; x_wconf 90' lang='lat' dir='ltr'>quoque</span> <span class='ocrx_word' id='word_1_92' title='bbox 558 1248 641 1324; x_wconf 89' lang='lat' dir='ltr'>patris</span> <span class='ocrx_word' id='word_1_93' title='bbox 665 1249 843 1306; x_wconf 79' lang='lat' dir='ltr'>consenuisse</span> <span class='ocrx_word' id='word_1_94' title='bbox 865 1249 894 1306; x_wconf 95' lang='lat' dir='ltr'>in</span> <span class='ocrx_word' id='word_1_95' title='bbox 915 1249 1014 1306; x_wconf 84' lang='lat' dir='ltr'>allecto</span> <span class='ocrx_word' id='word_1_96' title='bbox 1034 1268 1149 1324; x_wconf 82' lang='lat' dir='ltr'>corpore</span> 
     </span>
     <span class='ocr_line' id='line_1_13' title="bbox 218 1321 1148 1404; baseline 0.011 -28"><span class='ocrx_word' id='word_1_97' title='bbox 218 1321 348 1393; x_wconf 81' lang='lat' dir='ltr'>rebatur3</span> <span class='ocrx_word' id='word_1_98' title='bbox 377 1337 470 1384; x_wconf 86' lang='lat' dir='ltr'>tamen</span> <span class='ocrx_word' id='word_1_99' title='bbox 484 1344 623 1383; x_wconf 86' lang='lat' dir='ltr'>consensu</span> <span class='ocrx_word' id='word_1_100' title='bbox 640 1325 764 1383; x_wconf 90' lang='lat' dir='ltr'>omnium</span> <span class='ocrx_word' id='word_1_101' title='bbox 786 1327 873 1384; x_wconf 86' lang='lat' dir='ltr'>victus</span> <span class='ocrx_word' id='word_1_102' title='bbox 892 1338 943 1395; x_wconf 91' lang='lat' dir='ltr'>est,</span> <span class='ocrx_word' id='word_1_103' title='bbox 964 1337 995 1383; x_wconf 94' lang='lat' dir='ltr'>ut</span> <span class='ocrx_word' id='word_1_104' title='bbox 1008 1326 1097 1404; x_wconf 89' lang='lat' dir='ltr'>ipsum</span> <span class='ocrx_word' id='word_1_105' title='bbox 1117 1323 1148 1386; x_wconf 87' lang='lat' dir='ltr'>in</span> 
     </span>
     <span class='ocr_line' id='line_1_14' title="bbox 217 1402 1149 1483; baseline 0.012 -29"><span class='ocrx_word' id='word_1_106' title='bbox 217 1402 362 1460; x_wconf 85' lang='lat' dir='ltr'>consilium</span> <span class='ocrx_word' id='word_1_107' title='bbox 384 1403 495 1461; x_wconf 82' lang='lat' dir='ltr'>acciret</span> <span class='ocrx_word' id='word_1_108' title='bbox 535 1403 598 1461; x_wconf 91' lang='lat' dir='ltr'>Nec</span> <span class='ocrx_word' id='word_1_109' title='bbox 617 1413 745 1480; x_wconf 57' lang='lat' dir='ltr'>maratus</span> <span class='ocrx_word' id='word_1_110' title='bbox 764 1422 849 1462; x_wconf 86' lang='lat' dir='ltr'>senex</span> <span class='ocrx_word' id='word_1_111' title='bbox 868 1405 989 1483; x_wconf 81' lang='lat' dir='ltr'>plaustro</span> <span class='ocrx_word' id='word_1_112' title='bbox 1009 1405 1037 1462; x_wconf 93' lang='lat' dir='ltr'>in</span> <span class='ocrx_word' id='word_1_113' title='bbox 1057 1415 1149 1465; x_wconf 83' lang='lat' dir='ltr'>castra</span> 
     </span>
     <span class='ocr_line' id='line_1_15' title="bbox 216 1475 1147 1556; baseline 0.011 -26"><span class='ocrx_word' id='word_1_114' title='bbox 216 1475 320 1536; x_wconf 87' lang='lat' dir='ltr'>dicitur</span> <span class='ocrx_word' id='word_1_115' title='bbox 333 1481 471 1552; x_wconf 81' lang='lat' dir='ltr'>advectus,</span> <span class='ocrx_word' id='word_1_116' title='bbox 486 1492 652 1556; x_wconf 85' lang='lat' dir='ltr'>vocatusque</span> <span class='ocrx_word' id='word_1_117' title='bbox 673 1483 702 1538; x_wconf 93' lang='lat' dir='ltr'>in</span> <span class='ocrx_word' id='word_1_118' title='bbox 723 1483 868 1540; x_wconf 90' lang='lat' dir='ltr'>consilium</span> <span class='ocrx_word' id='word_1_119' title='bbox 887 1483 925 1540; x_wconf 91' lang='lat' dir='ltr'>ita</span> <span class='ocrx_word' id='word_1_120' title='bbox 939 1479 1024 1540; x_wconf 86' lang='lat' dir='ltr'>ferme</span> <span class='ocrx_word' id='word_1_121' title='bbox 1037 1481 1147 1542; x_wconf 86' lang='lat' dir='ltr'>locutus</span> 
     </span>
     <span class='ocr_line' id='line_1_16' title="bbox 138 1559 1174 1636; baseline 0.004 -22"><span class='ocrx_word' id='word_1_122' title='bbox 138 1585 139 1598; x_wconf 30' lang='grc' dir='ltr'>π</span> <span class='ocrx_word' id='word_1_123' title='bbox 185 1571 286 1628; x_wconf 78' lang='lat' dir='ltr'>messe,</span> <span class='ocrx_word' id='word_1_124' title='bbox 301 1567 331 1616; x_wconf 89' lang='lat' dir='ltr'>ut</span> <span class='ocrx_word' id='word_1_125' title='bbox 345 1559 413 1616; x_wconf 89' lang='lat' dir='ltr'>nihil</span> <span class='ocrx_word' id='word_1_126' title='bbox 426 1560 570 1617; x_wconf 75' lang='lat' dir='ltr'>sententiae</span> <span class='ocrx_word' id='word_1_127' title='bbox 584 1579 641 1617; x_wconf 82' lang='lat' dir='ltr'>suae</span> <span class='ocrx_word' id='word_1_128' title='bbox 655 1572 790 1629; x_wconf 89' lang='lat' dir='ltr'>mutaret;</span> <span class='ocrx_word' id='word_1_129' title='bbox 811 1579 909 1618; x_wconf 87' lang='lat' dir='ltr'>causas</span> <span class='ocrx_word' id='word_1_130' title='bbox 922 1562 1032 1619; x_wconf 75' lang='lat' dir='ltr'>tantum</span> <span class='ocrx_word' id='word_1_131' title='bbox 1045 1560 1148 1636; x_wconf 86' lang='lat' dir='ltr'>adjice-</span> <span class='ocrx_word' id='word_1_132' title='bbox 1168 1571 1174 1580; x_wconf 80' lang='lat'><em>&#39;</em></span> 
     </span>
     <span class='ocr_line' id='line_1_17' title="bbox 216 1636 1148 1724; baseline 0.009 -36"><span class='ocrx_word' id='word_1_133' title='bbox 216 1643 274 1700; x_wconf 78' lang='lat' dir='ltr'>ret:</span> <span class='ocrx_word' id='word_1_134' title='bbox 308 1636 427 1694; x_wconf 88' lang='lat' dir='ltr'>“Priore</span> <span class='ocrx_word' id='word_1_135' title='bbox 441 1655 471 1694; x_wconf 90' lang='lat' dir='ltr'>se</span> <span class='ocrx_word' id='word_1_136' title='bbox 484 1638 609 1708; x_wconf 87' lang='lat' dir='ltr'>consilio,</span> <span class='ocrx_word' id='word_1_137' title='bbox 629 1639 701 1724; x_wconf 88' lang='lat' dir='ltr'>quod</span> <span class='ocrx_word' id='word_1_138' title='bbox 722 1637 854 1714; x_wconf 89' lang='lat' dir='ltr'>optimum</span> <span class='ocrx_word' id='word_1_139' title='bbox 868 1640 992 1711; x_wconf 89' lang='lat' dir='ltr'>duceret,</span> <span class='ocrx_word' id='word_1_140' title='bbox 1015 1659 1080 1696; x_wconf 91' lang='lat' dir='ltr'>cum</span> <span class='ocrx_word' id='word_1_141' title='bbox 1100 1658 1148 1717; x_wconf 91' lang='lat' dir='ltr'>po-</span> 
     </span>
     <span class='ocr_line' id='line_1_18' title="bbox 215 1711 1148 1792; baseline 0.005 -23"><span class='ocrx_word' id='word_1_142' title='bbox 215 1711 395 1771; x_wconf 78' lang='lat' dir='ltr'>“rectissimo</span> <span class='ocrx_word' id='word_1_143' title='bbox 408 1715 508 1791; x_wconf 92' lang='lat' dir='ltr'>populo</span> <span class='ocrx_word' id='word_1_144' title='bbox 520 1715 681 1790; x_wconf 86' lang='lat' dir='ltr'>peringens</span> <span class='ocrx_word' id='word_1_145' title='bbox 703 1715 869 1773; x_wconf 85' lang='lat' dir='ltr'>beneficium</span> <span class='ocrx_word' id='word_1_146' title='bbox 882 1715 1041 1792; x_wconf 78' lang='lat' dir='ltr'>perpetuam</span> <span class='ocrx_word' id='word_1_147' title='bbox 1057 1717 1148 1776; x_wconf 89' lang='lat' dir='ltr'>firma·</span> 
     </span>
     <span class='ocr_line' id='line_1_19' title="bbox 214 1789 1146 1868; baseline 0.006 -22"><span class='ocrx_word' id='word_1_148' title='bbox 214 1789 271 1846; x_wconf 87' lang='lat' dir='ltr'>“re</span> <span class='ocrx_word' id='word_1_149' title='bbox 284 1810 381 1865; x_wconf 87' lang='lat' dir='ltr'>pacem</span> <span class='ocrx_word' id='word_1_150' title='bbox 395 1793 615 1868; x_wconf 85' lang='lat' dir='ltr'>amicitiamque:</span> <span class='ocrx_word' id='word_1_151' title='bbox 648 1793 733 1850; x_wconf 89' lang='lat' dir='ltr'>altero</span> <span class='ocrx_word' id='word_1_152' title='bbox 745 1794 860 1852; x_wconf 83' lang='lat' dir='ltr'>consilio</span> <span class='ocrx_word' id='word_1_153' title='bbox 882 1795 911 1850; x_wconf 90' lang='lat' dir='ltr'>iu</span> <span class='ocrx_word' id='word_1_154' title='bbox 932 1796 1030 1852; x_wconf 85' lang='lat' dir='ltr'>multas</span> <span class='ocrx_word' id='word_1_155' title='bbox 1041 1803 1146 1862; x_wconf 66' lang='lat' dir='ltr'>aetates,</span> 
     </span>
     <span class='ocr_line' id='line_1_20' title="bbox 215 1867 1147 1946; baseline 0.005 -19"><span class='ocrx_word' id='word_1_156' title='bbox 215 1867 350 1942; x_wconf 68' lang='lat' dir='ltr'>“quibua</span> <span class='ocrx_word' id='word_1_157' title='bbox 365 1868 472 1927; x_wconf 85' lang='lat' dir='ltr'>amissis</span> <span class='ocrx_word' id='word_1_158' title='bbox 485 1871 592 1927; x_wconf 85' lang='lat' dir='ltr'>duobus</span> <span class='ocrx_word' id='word_1_159' title='bbox 609 1871 786 1944; x_wconf 85' lang='lat' dir='ltr'>exercitibus,</span> <span class='ocrx_word' id='word_1_160' title='bbox 807 1873 881 1928; x_wconf 88' lang='lat' dir='ltr'>haud</span> <span class='ocrx_word' id='word_1_161' title='bbox 905 1871 987 1930; x_wconf 74' lang='lat' dir='ltr'>facile</span> <span class='ocrx_word' id='word_1_162' title='bbox 1002 1884 1147 1946; x_wconf 86' lang='lat' dir='ltr'>receptura</span> 
     </span>
     <span class='ocr_line' id='line_1_21' title="bbox 183 1945 1147 2018; baseline 0.006 -16"><span class='ocrx_word' id='word_1_163' title='bbox 183 1945 313 2018; x_wconf 80' lang='lat' dir='ltr'>m“vires</span> <span class='ocrx_word' id='word_1_164' title='bbox 326 1948 455 2004; x_wconf 89' lang='lat' dir='ltr'>Romana</span> <span class='ocrx_word' id='word_1_165' title='bbox 468 1967 511 2004; x_wconf 86' lang='lat' dir='ltr'>res</span> <span class='ocrx_word' id='word_1_166' title='bbox 532 1958 614 2015; x_wconf 88' lang='lat' dir='ltr'>esset,</span> <span class='ocrx_word' id='word_1_167' title='bbox 635 1949 737 2006; x_wconf 86' lang='lat' dir='ltr'>bellum</span> <span class='ocrx_word' id='word_1_168' title='bbox 755 1949 881 2006; x_wconf 83' lang='lat' dir='ltr'>differre:</span> <span class='ocrx_word' id='word_1_169' title='bbox 914 1951 1025 2007; x_wconf 89' lang='lat' dir='ltr'>tertium</span> <span class='ocrx_word' id='word_1_170' title='bbox 1039 1950 1147 2008; x_wconf 89' lang='lat' dir='ltr'>nullum</span> 
     </span>
     <span class='ocr_line' id='line_1_22' title="bbox 215 2014 1147 2103; baseline 0.005 -24"><span class='ocrx_word' id='word_1_171' title='bbox 215 2023 387 2080; x_wconf 88' lang='lat' dir='ltr'>“consilium</span> <span class='ocrx_word' id='word_1_172' title='bbox 408 2025 498 2081; x_wconf 86' lang='lat' dir='ltr'>esse.&#39;&#39;</span> <span class='ocrx_word' id='word_1_173' title='bbox 536 2023 634 2086; x_wconf 80' lang='lat' dir='ltr'>Quum</span> <span class='ocrx_word' id='word_1_174' title='bbox 657 2014 734 2084; x_wconf 73' lang='lat' dir='ltr'>filius&#39;</span> <span class='ocrx_word' id='word_1_175' title='bbox 752 2027 852 2100; x_wconf 87' lang='lat' dir='ltr'>aliique</span> <span class='ocrx_word' id='word_1_176' title='bbox 875 2027 1013 2103; x_wconf 89' lang='lat' dir='ltr'>principes</span> <span class='ocrx_word' id='word_1_177' title='bbox 1031 2046 1147 2103; x_wconf 88' lang='lat' dir='ltr'>percon·</span> 
     </span>
     <span class='ocr_line' id='line_1_23' title="bbox 215 2100 1193 2182; baseline 0.005 -25"><span class='ocrx_word' id='word_1_178' title='bbox 215 2103 300 2158; x_wconf 91' lang='lat' dir='ltr'>tando</span> <span class='ocrx_word' id='word_1_179' title='bbox 325 2117 548 2176; x_wconf 84' lang='lat' dir='ltr'>exsequerentur,</span> <span class='ocrx_word' id='word_1_180' title='bbox 575 2107 593 2138; x_wconf 89' lang='lat'><strong>“</strong></span> <span class='ocrx_word' id='word_1_181' title='bbox 601 2100 681 2164; x_wconf 80' lang='lat' dir='ltr'>Quid</span> <span class='ocrx_word' id='word_1_182' title='bbox 704 2105 727 2160; x_wconf 92' lang='lat' dir='ltr'>si</span> <span class='ocrx_word' id='word_1_183' title='bbox 744 2105 836 2162; x_wconf 87' lang='lat' dir='ltr'>media</span> <span class='ocrx_word' id='word_1_184' title='bbox 849 2105 893 2162; x_wconf 84' lang='lat' dir='ltr'>via</span> <span class='ocrx_word' id='word_1_185' title='bbox 905 2105 1013 2163; x_wconf 88' lang='lat' dir='ltr'>consilii</span> <span class='ocrx_word' id='word_1_186' title='bbox 1034 2124 1145 2182; x_wconf 87' lang='lat' dir='ltr'>capere·</span> <span class='ocrx_word' id='word_1_187' title='bbox 1185 2161 1193 2176; x_wconf 79' lang='grc'><em>,</em></span> 
     </span>
     <span class='ocr_line' id='line_1_24' title="bbox 214 2179 1146 2259; baseline 0.006 -24"><span class='ocrx_word' id='word_1_188' title='bbox 214 2180 233 2213; x_wconf 83' lang='grc'><strong>“</strong></span> <span class='ocrx_word' id='word_1_189' title='bbox 243 2189 303 2245; x_wconf 79' lang='lat' dir='ltr'>tur3</span> <span class='ocrx_word' id='word_1_190' title='bbox 331 2191 362 2236; x_wconf 90' lang='lat' dir='ltr'>nt</span> <span class='ocrx_word' id='word_1_191' title='bbox 384 2191 412 2236; x_wconf 92' lang='lat' dir='ltr'>et</span> <span class='ocrx_word' id='word_1_192' title='bbox 432 2179 634 2238; x_wconf 88' lang='lat' dir='ltr'>dimitterentur</span> <span class='ocrx_word' id='word_1_193' title='bbox 655 2182 819 2253; x_wconf 88' lang='lat' dir='ltr'>incolumes,</span> <span class='ocrx_word' id='word_1_194' title='bbox 832 2192 861 2239; x_wconf 94' lang='lat' dir='ltr'>et</span> <span class='ocrx_word' id='word_1_195' title='bbox 872 2183 949 2258; x_wconf 84' lang='lat' dir='ltr'>leges</span> <span class='ocrx_word' id='word_1_196' title='bbox 961 2184 996 2240; x_wconf 92' lang='lat' dir='ltr'>iis</span> <span class='ocrx_word' id='word_1_197' title='bbox 1005 2183 1068 2259; x_wconf 83' lang='lat' dir='ltr'>jure</span> <span class='ocrx_word' id='word_1_198' title='bbox 1081 2183 1146 2242; x_wconf 91' lang='lat' dir='ltr'>belli</span> 
     </span>
     <span class='ocr_line' id='line_1_25' title="bbox 214 2257 1146 2334; baseline 0.005 -21"><span class='ocrx_word' id='word_1_199' title='bbox 214 2259 234 2292; x_wconf 89' lang='lat'><strong>“</strong></span> <span class='ocrx_word' id='word_1_200' title='bbox 242 2257 321 2315; x_wconf 85' lang='lat' dir='ltr'>victis</span> <span class='ocrx_word' id='word_1_201' title='bbox 334 2258 540 2332; x_wconf 87' lang='lat' dir='ltr'>imponerentur</span> <span class='ocrx_word' id='word_1_202' title='bbox 549 2259 560 2314; x_wconf 81' lang='lat' dir='ltr'>l</span> <span class='ocrx_word' id='word_1_203' title='bbox 569 2259 586 2286; x_wconf 82' lang='lat'>¹’</span> <span class='ocrx_word' id='word_1_204' title='bbox 619 2259 644 2293; x_wconf 81' lang='lat'>&#39;“</span> <span class='ocrx_word' id='word_1_205' title='bbox 655 2257 713 2315; x_wconf 88' lang='lat' dir='ltr'>Ista</span> <span class='ocrx_word' id='word_1_206' title='bbox 731 2259 842 2334; x_wconf 91' lang='lat' dir='ltr'>quidem</span> <span class='ocrx_word' id='word_1_207' title='bbox 853 2262 1032 2329; x_wconf 86' lang='lat' dir='ltr'>sententia;&#39;’</span> <span class='ocrx_word' id='word_1_208' title='bbox 1047 2261 1146 2334; x_wconf 82' lang='lat' dir='ltr'>inquit,</span> 
     </span>
     <span class='ocr_line' id='line_1_26' title="bbox 180 2335 1147 2412; baseline 0.006 -20"><span class='ocrx_word' id='word_1_209' title='bbox 180 2336 275 2393; x_wconf 69' lang='lat' dir='ltr'>2⁵“ea</span> <span class='ocrx_word' id='word_1_210' title='bbox 299 2343 351 2402; x_wconf 88' lang='lat' dir='ltr'>est,</span> <span class='ocrx_word' id='word_1_211' title='bbox 376 2353 438 2410; x_wconf 82' lang='lat' dir='ltr'>quae</span> <span class='ocrx_word' id='word_1_212' title='bbox 464 2355 553 2411; x_wconf 86' lang='lat' dir='ltr'>neque</span> <span class='ocrx_word' id='word_1_213' title='bbox 573 2335 677 2394; x_wconf 91' lang='lat' dir='ltr'>amicos</span> <span class='ocrx_word' id='word_1_214' title='bbox 702 2348 788 2410; x_wconf 82' lang='lat' dir='ltr'>parat,</span> <span class='ocrx_word' id='word_1_215' title='bbox 811 2355 900 2412; x_wconf 87' lang='lat' dir='ltr'>neque</span> <span class='ocrx_word' id='word_1_216' title='bbox 920 2337 1047 2396; x_wconf 87' lang='lat' dir='ltr'>inimicos</span> <span class='ocrx_word' id='word_1_217' title='bbox 1068 2338 1147 2398; x_wconf 84' lang='lat' dir='ltr'>tollit.</span> 
     </span>
     <span class='ocr_line' id='line_1_27' title="bbox 213 2411 1147 2492; baseline 0.002 -20"><span class='ocrx_word' id='word_1_218' title='bbox 213 2415 354 2472; x_wconf 84' lang='lat' dir='ltr'>“Servate</span> <span class='ocrx_word' id='word_1_219' title='bbox 367 2411 457 2484; x_wconf 73' lang='lat' dir='ltr'>model,</span> <span class='ocrx_word' id='word_1_220' title='bbox 471 2432 539 2488; x_wconf 91' lang='lat' dir='ltr'>quos</span> <span class='ocrx_word' id='word_1_221' title='bbox 560 2413 712 2492; x_wconf 68' lang='lat' dir='ltr'>ignominia</span> <span class='ocrx_word' id='word_1_222' title='bbox 724 2413 909 2472; x_wconf 82' lang='lat' dir='ltr'>irritaveritis:</span> <span class='ocrx_word' id='word_1_223' title='bbox 936 2435 970 2474; x_wconf 88' lang='lat' dir='ltr'>ea</span> <span class='ocrx_word' id='word_1_224' title='bbox 989 2425 1030 2474; x_wconf 87' lang='lat' dir='ltr'>est</span> <span class='ocrx_word' id='word_1_225' title='bbox 1043 2415 1147 2474; x_wconf 85' lang='lat' dir='ltr'>Roma·</span> 
     </span>
     <span class='ocr_line' id='line_1_28' title="bbox 213 2489 1146 2572; baseline 0.004 -24"><span class='ocrx_word' id='word_1_226' title='bbox 213 2495 279 2548; x_wconf 86' lang='lat' dir='ltr'>“ne</span> <span class='ocrx_word' id='word_1_227' title='bbox 297 2509 376 2566; x_wconf 82' lang='lat' dir='ltr'>gens,</span> <span class='ocrx_word' id='word_1_228' title='bbox 396 2507 457 2566; x_wconf 84' lang='lat' dir='ltr'>quae</span> <span class='ocrx_word' id='word_1_229' title='bbox 476 2489 549 2550; x_wconf 80' lang='lat' dir='ltr'>vic&#39;ta</span> <span class='ocrx_word' id='word_1_230' title='bbox 568 2492 710 2572; x_wconf 83' lang='lat' dir='ltr'>quiescere</span> <span class='ocrx_word' id='word_1_231' title='bbox 731 2492 845 2564; x_wconf 86' lang='lat' dir='ltr'>nesciat.</span> <span class='ocrx_word' id='word_1_232' title='bbox 869 2503 872 2510; x_wconf 94' lang='grc'><strong>’</strong></span> <span class='ocrx_word' id='word_1_233' title='bbox 893 2493 975 2552; x_wconf 83' lang='lat' dir='ltr'>Vivet</span> <span class='ocrx_word' id='word_1_234' title='bbox 987 2513 1095 2570; x_wconf 90' lang='lat' dir='ltr'>semper</span> <span class='ocrx_word' id='word_1_235' title='bbox 1115 2491 1146 2552; x_wconf 84' lang='lat' dir='ltr'>in</span> 
     </span>
     <span class='ocr_line' id='line_1_29' title="bbox 213 2568 1143 2648; baseline 0.003 -22"><span class='ocrx_word' id='word_1_236' title='bbox 213 2569 397 2646; x_wconf 89' lang='lat' dir='ltr'>“pectoribus</span> <span class='ocrx_word' id='word_1_237' title='bbox 411 2570 529 2637; x_wconf 88' lang='lat' dir='ltr'>illorum,</span> <span class='ocrx_word' id='word_1_238' title='bbox 552 2568 685 2648; x_wconf 88' lang='lat' dir='ltr'>quidquid</span> <span class='ocrx_word' id='word_1_239' title='bbox 711 2569 783 2626; x_wconf 88' lang='lat' dir='ltr'>istuc</span> <span class='ocrx_word' id='word_1_240' title='bbox 803 2589 923 2646; x_wconf 84' lang='lat' dir='ltr'>praesens</span> <span class='ocrx_word' id='word_1_241' title='bbox 938 2572 1089 2629; x_wconf 85' lang='lat' dir='ltr'>necessitas</span> <span class='ocrx_word' id='word_1_242' title='bbox 1102 2568 1143 2630; x_wconf 79' lang='lat' dir='ltr'>iu·</span> 
     </span>
     <span class='ocr_line' id='line_1_30' title="bbox 213 2645 1145 2726; baseline 0.005 -23"><span class='ocrx_word' id='word_1_243' title='bbox 213 2648 358 2715; x_wconf 66' lang='lat' dir='ltr'>“ussernt</span> <span class='ocrx_word' id='word_1_244' title='bbox 378 2665 467 2722; x_wconf 88' lang='lat' dir='ltr'>neque</span> <span class='ocrx_word' id='word_1_245' title='bbox 480 2666 528 2704; x_wconf 89' lang='lat' dir='ltr'>eos</span> <span class='ocrx_word' id='word_1_246' title='bbox 541 2645 605 2706; x_wconf 81' lang='lat' dir='ltr'>ante</span> <span class='ocrx_word' id='word_1_247' title='bbox 620 2647 786 2726; x_wconf 84' lang='lat' dir='ltr'>multiplices</span> <span class='ocrx_word' id='word_1_248' title='bbox 807 2667 904 2724; x_wconf 67' lang='lat' dir='ltr'>paenas</span> <span class='ocrx_word' id='word_1_249' title='bbox 923 2650 1057 2726; x_wconf 77' lang='lat' dir='ltr'>expetitas</span> <span class='ocrx_word' id='word_1_250' title='bbox 1070 2669 1088 2708; x_wconf 85' lang='lat' dir='ltr'>a</span> <span class='ocrx_word' id='word_1_251' title='bbox 1100 2668 1145 2708; x_wconf 86' lang='lat' dir='ltr'>ro·</span> 
     </span>
     <span class='ocr_line' id='line_1_31' title="bbox 181 2725 893 2799; baseline 0.01 -21"><span class='ocrx_word' id='word_1_252' title='bbox 181 2729 233 2778; x_wconf 84' lang='lat' dir='ltr'>au“</span> <span class='ocrx_word' id='word_1_253' title='bbox 241 2727 284 2782; x_wconf 86' lang='lat' dir='ltr'>bis</span> <span class='ocrx_word' id='word_1_254' title='bbox 296 2725 439 2799; x_wconf 85' lang='lat' dir='ltr'>quiescere</span> <span class='ocrx_word' id='word_1_255' title='bbox 452 2725 552 2793; x_wconf 79' lang='lat' dir='ltr'>sinet.”</span> <span class='ocrx_word' id='word_1_256' title='bbox 758 2741 761 2746; x_wconf 87' lang='grc'><strong>’</strong></span> <span class='ocrx_word' id='word_1_257' title='bbox 861 2739 863 2744; x_wconf 86' lang='grc'><strong><em>·</em></strong></span> <span class='ocrx_word' id='word_1_258' title='bbox 892 2729 893 2736; x_wconf 75' lang='grc'>’</span> 
     </span>
    </p>
   </div>
   <div class='ocr_carea' id='block_1_3' title="bbox 157 2878 1146 3871">
    <p class='ocr_par' dir='ltr' id='par_1_3' title="bbox 252 2878 1146 2958">
     <span class='ocr_line' id='line_1_32' title="bbox 252 2878 1146 2958; baseline 0.003 -21"><span class='ocrx_word' id='word_1_259' title='bbox 252 2879 304 2938; x_wconf 86' lang='lat' dir='ltr'>IV.</span> <span class='ocrx_word' id='word_1_260' title='bbox 336 2878 445 2936; x_wconf 69' lang='lat' dir='ltr'>Neutrst</span> <span class='ocrx_word' id='word_1_261' title='bbox 457 2881 728 2958; x_wconf 69' lang='lat' dir='ltr'>sententitacceptl,</span> <span class='ocrx_word' id='word_1_262' title='bbox 743 2879 902 2940; x_wconf 86' lang='lat' dir='ltr'>Herennius</span> <span class='ocrx_word' id='word_1_263' title='bbox 916 2882 1028 2941; x_wconf 88' lang='lat' dir='ltr'>domum</span> <span class='ocrx_word' id='word_1_264' title='bbox 1048 2900 1064 2938; x_wconf 86' lang='lat' dir='ltr'>a</span> <span class='ocrx_word' id='word_1_265' title='bbox 1085 2899 1146 2940; x_wconf 87' lang='lat' dir='ltr'>cas·</span> 
     </span>
    </p>

    <p class='ocr_par' dir='ltr' id='par_1_4' title="bbox 194 2953 1146 3191">
     <span class='ocr_line' id='line_1_33' title="bbox 194 2953 1144 3036; baseline 0.002 -22"><span class='ocrx_word' id='word_1_266' title='bbox 194 3009 195 3014; x_wconf 73' lang='grc'>,</span> <span class='ocrx_word' id='word_1_267' title='bbox 213 2959 262 3017; x_wconf 88' lang='lat' dir='ltr'>tris</span> <span class='ocrx_word' id='word_1_268' title='bbox 273 2970 315 3015; x_wconf 89' lang='lat' dir='ltr'>est</span> <span class='ocrx_word' id='word_1_269' title='bbox 328 2964 448 3014; x_wconf 83' lang='lat' dir='ltr'>avectus.</span> <span class='ocrx_word' id='word_1_270' title='bbox 486 2954 525 3015; x_wconf 87' lang='lat' dir='ltr'>Et</span> <span class='ocrx_word' id='word_1_271' title='bbox 537 2953 565 3016; x_wconf 89' lang='lat' dir='ltr'>in</span> <span class='ocrx_word' id='word_1_272' title='bbox 580 2962 676 3017; x_wconf 87' lang='lat' dir='ltr'>castris</span> <span class='ocrx_word' id='word_1_273' title='bbox 689 2959 825 3017; x_wconf 85' lang='lat' dir='ltr'>Romanis</span> <span class='ocrx_word' id='word_1_274' title='bbox 845 2979 930 3036; x_wconf 89' lang='lat' dir='ltr'>quum</span> <span class='ocrx_word' id='word_1_275' title='bbox 951 2960 1051 3016; x_wconf 79' lang='lat' dir='ltr'>flustra</span> <span class='ocrx_word' id='word_1_276' title='bbox 1065 2957 1144 3016; x_wconf 93' lang='lat' dir='ltr'>multi</span> 
     </span>
     <span class='ocr_line' id='line_1_34' title="bbox 213 3035 1144 3113; baseline 0.002 -19"><span class='ocrx_word' id='word_1_277' title='bbox 213 3045 328 3094; x_wconf 88' lang='lat' dir='ltr'>conatus</span> <span class='ocrx_word' id='word_1_278' title='bbox 342 3035 376 3092; x_wconf 91' lang='lat' dir='ltr'>ad</span> <span class='ocrx_word' id='word_1_279' title='bbox 390 3037 588 3112; x_wconf 88' lang='lat' dir='ltr'>erumpendum</span> <span class='ocrx_word' id='word_1_280' title='bbox 604 3037 676 3113; x_wconf 89' lang='lat' dir='ltr'>capti</span> <span class='ocrx_word' id='word_1_281' title='bbox 690 3045 791 3110; x_wconf 86' lang='lat' dir='ltr'>essent,</span> <span class='ocrx_word' id='word_1_282' title='bbox 805 3039 899 3112; x_wconf 87' lang='lat' dir='ltr'>etjam</span> <span class='ocrx_word' id='word_1_283' title='bbox 913 3038 1038 3094; x_wconf 91' lang='lat' dir='ltr'>omniurn</span> <span class='ocrx_word' id='word_1_284' title='bbox 1051 3055 1144 3097; x_wconf 87' lang='lat' dir='ltr'>rerum</span> 
     </span>
     <span class='ocr_line' id='line_1_35' title="bbox 213 3107 1146 3191; baseline 0 -19"><span class='ocrx_word' id='word_1_285' title='bbox 213 3115 306 3190; x_wconf 90' lang='lat' dir='ltr'>inopia</span> <span class='ocrx_word' id='word_1_286' title='bbox 317 3123 410 3182; x_wconf 84' lang='lat' dir='ltr'>esset3</span> <span class='ocrx_word' id='word_1_287' title='bbox 443 3114 509 3171; x_wconf 88' lang='lat' dir='ltr'>victi</span> <span class='ocrx_word' id='word_1_288' title='bbox 532 3113 696 3172; x_wconf 86' lang='lat' dir='ltr'>necessitate</span> <span class='ocrx_word' id='word_1_289' title='bbox 714 3113 818 3190; x_wconf 82' lang='lat' dir='ltr'>legatos</span> <span class='ocrx_word' id='word_1_290' title='bbox 829 3107 948 3186; x_wconf 82' lang='lat' dir='ltr'>mittunt,</span> <span class='ocrx_word' id='word_1_291' title='bbox 962 3113 1009 3190; x_wconf 90' lang='lat' dir='ltr'>qui</span> <span class='ocrx_word' id='word_1_292' title='bbox 1022 3115 1146 3191; x_wconf 77' lang='lat' dir='ltr'>primitur</span> 
     </span>
    </p>

    <p class='ocr_par' dir='ltr' id='par_1_5' title="bbox 157 3189 1145 3871">
     <span class='ocr_line' id='line_1_36' title="bbox 181 3189 1145 3274; baseline 0.002 -26"><span class='ocrx_word' id='word_1_293' title='bbox 181 3199 310 3268; x_wconf 80' lang='lat' dir='ltr'>atpacem</span> <span class='ocrx_word' id='word_1_294' title='bbox 324 3209 429 3266; x_wconf 83' lang='lat' dir='ltr'>requam</span> <span class='ocrx_word' id='word_1_295' title='bbox 442 3203 585 3267; x_wconf 88' lang='lat' dir='ltr'>peterent:</span> <span class='ocrx_word' id='word_1_296' title='bbox 612 3193 636 3250; x_wconf 91' lang='lat' dir='ltr'>si</span> <span class='ocrx_word' id='word_1_297' title='bbox 649 3211 746 3267; x_wconf 85' lang='lat' dir='ltr'>pacem</span> <span class='ocrx_word' id='word_1_298' title='bbox 761 3212 816 3250; x_wconf 91' lang='lat' dir='ltr'>uon</span> <span class='ocrx_word' id='word_1_299' title='bbox 831 3193 1016 3266; x_wconf 85' lang='lat' dir='ltr'>impetrarent,</span> <span class='ocrx_word' id='word_1_300' title='bbox 1031 3189 1070 3253; x_wconf 84' lang='lat' dir='ltr'>utl</span> <span class='ocrx_word' id='word_1_301' title='bbox 1080 3193 1145 3274; x_wconf 69' lang='lat' dir='ltr'>pto·</span> 
     </span>
     <span class='ocr_line' id='line_1_37' title="bbox 157 3269 1145 3346; baseline 0 -20"><span class='ocrx_word' id='word_1_302' title='bbox 157 3289 159 3292; x_wconf 89' lang='lat'>·</span> <span class='ocrx_word' id='word_1_303' title='bbox 213 3270 533 3346; x_wconf 84' lang='lat' dir='ltr'>vocareutadpuguam.</span> <span class='ocrx_word' id='word_1_304' title='bbox 564 3269 639 3328; x_wconf 89' lang='lat' dir='ltr'>Turn</span> <span class='ocrx_word' id='word_1_305' title='bbox 654 3269 778 3336; x_wconf 90' lang='lat' dir='ltr'>Pontius,</span> <span class='ocrx_word' id='word_1_306' title='bbox 794 3269 986 3327; x_wconf 85' lang='lat' dir='ltr'>“debellatum</span> <span class='ocrx_word' id='word_1_307' title='bbox 1001 3271 1145 3336; x_wconf 89' lang='lat' dir='ltr'>esse,”re·</span> 
     </span>
     <span class='ocr_line' id='line_1_38' title="bbox 214 3342 1143 3423; baseline -0.005 -19"><span class='ocrx_word' id='word_1_308' title='bbox 214 3349 338 3422; x_wconf 79' lang='lat' dir='ltr'>sponditt</span> <span class='ocrx_word' id='word_1_309' title='bbox 360 3342 430 3414; x_wconf 86' lang='lat' dir='ltr'>“et‚¹</span> <span class='ocrx_word' id='word_1_310' title='bbox 439 3349 569 3423; x_wconf 86' lang='lat' dir='ltr'>quoniam</span> <span class='ocrx_word' id='word_1_311' title='bbox 582 3364 617 3404; x_wconf 88' lang='lat' dir='ltr'>ue</span> <span class='ocrx_word' id='word_1_312' title='bbox 631 3347 696 3405; x_wconf 87' lang='lat' dir='ltr'>victi</span> <span class='ocrx_word' id='word_1_313' title='bbox 710 3348 820 3421; x_wconf 90' lang='lat' dir='ltr'>quidem</span> <span class='ocrx_word' id='word_1_314' title='bbox 832 3348 945 3421; x_wconf 84' lang='lat' dir='ltr'>accepti</span> <span class='ocrx_word' id='word_1_315' title='bbox 955 3347 1091 3404; x_wconf 82' lang='lat' dir='ltr'>fortunam</span> <span class='ocrx_word' id='word_1_316' title='bbox 1103 3343 1143 3400; x_wconf 83' lang='lat' dir='ltr'>la·</span> 
     </span>
     <span class='ocr_line' id='line_1_39' title="bbox 215 3423 1143 3503; baseline -0.005 -21"><span class='ocrx_word' id='word_1_317' title='bbox 215 3425 292 3482; x_wconf 86' lang='lat' dir='ltr'>“teri</span> <span class='ocrx_word' id='word_1_318' title='bbox 306 3425 417 3496; x_wconf 88' lang='lat' dir='ltr'>scirent,</span> <span class='ocrx_word' id='word_1_319' title='bbox 431 3425 551 3483; x_wconf 86' lang='lat' dir='ltr'>inermes</span> <span class='ocrx_word' id='word_1_320' title='bbox 564 3445 628 3483; x_wconf 86' lang='lat' dir='ltr'>curn</span> <span class='ocrx_word' id='word_1_321' title='bbox 649 3425 765 3503; x_wconf 80' lang='lat' dir='ltr'>singulis</span> <span class='ocrx_word' id='word_1_322' title='bbox 788 3425 958 3493; x_wconf 83' lang='lat' dir='ltr'>vestimentis</span> <span class='ocrx_word' id='word_1_323' title='bbox 970 3424 1021 3481; x_wconf 90' lang='lat' dir='ltr'>sub</span> <span class='ocrx_word' id='word_1_324' title='bbox 1041 3423 1143 3499; x_wconf 74' lang='lat' dir='ltr'>jugum</span> 
     </span>
     <span class='ocr_line' id='line_1_40' title="bbox 215 3496 1143 3580; baseline -0.008 -21"><span class='ocrx_word' id='word_1_325' title='bbox 215 3503 405 3573; x_wconf 77' lang='lat' dir='ltr'>“missurumr</span> <span class='ocrx_word' id='word_1_326' title='bbox 426 3496 758 3578; x_wconf 71' lang='lat' dir='ltr'>aliascontli&#39;tionespucis</span> <span class='ocrx_word' id='word_1_327' title='bbox 767 3521 857 3575; x_wconf 79' lang='lat' dir='ltr'>aquas</span> <span class='ocrx_word' id='word_1_328' title='bbox 866 3501 944 3560; x_wconf 90' lang='lat' dir='ltr'>victis</span> <span class='ocrx_word' id='word_1_329' title='bbox 953 3521 986 3558; x_wconf 87' lang='lat' dir='ltr'>ac</span> <span class='ocrx_word' id='word_1_330' title='bbox 995 3497 1143 3580; x_wconf 67' lang='lat' dir='ltr'>victoribus</span> 
     </span>
     <span class='ocr_line' id='line_1_41' title="bbox 180 3573 1143 3660; baseline -0.004 -25"><span class='ocrx_word' id='word_1_331' title='bbox 180 3588 234 3635; x_wconf 58' lang='grc' dir='ltr'>ω’*</span> <span class='ocrx_word' id='word_1_332' title='bbox 243 3578 316 3655; x_wconf 76' lang='lat' dir='ltr'>lore3</span> <span class='ocrx_word' id='word_1_333' title='bbox 336 3581 359 3638; x_wconf 83' lang='lat' dir='ltr'>si</span> <span class='ocrx_word' id='word_1_334' title='bbox 373 3579 441 3657; x_wconf 79' lang='lat' dir='ltr'>agro&#39;</span> <span class='ocrx_word' id='word_1_335' title='bbox 452 3579 617 3638; x_wconf 81' lang='lat' dir='ltr'>Samnitium</span> <span class='ocrx_word' id='word_1_336' title='bbox 631 3579 951 3650; x_wconf 84' lang='lat' dir='ltr'>decederetur,&#39;coloniae</span> <span class='ocrx_word' id='word_1_337' title='bbox 972 3573 1143 3660; x_wconf 61' lang='lat' dir='ltr'>abduceren-</span> 
     </span>
     <span class='ocr_line' id='line_1_42' title="bbox 213 3653 1144 3734; baseline -0.003 -21"><span class='ocrx_word' id='word_1_338' title='bbox 213 3666 233 3694; x_wconf 87' lang='lat'><strong>“</strong></span> <span class='ocrx_word' id='word_1_339' title='bbox 242 3665 295 3729; x_wconf 88' lang='lat' dir='ltr'>tur,</span> <span class='ocrx_word' id='word_1_340' title='bbox 309 3659 365 3714; x_wconf 83' lang='lat' dir='ltr'>suis</span> <span class='ocrx_word' id='word_1_341' title='bbox 378 3657 479 3717; x_wconf 87' lang='lat' dir='ltr'>deinde</span> <span class='ocrx_word' id='word_1_342' title='bbox 492 3657 600 3734; x_wconf 82' lang='lat' dir='ltr'>legibus</span> <span class='ocrx_word' id='word_1_343' title='bbox 613 3659 773 3716; x_wconf 87' lang='lat' dir='ltr'>Romanum</span> <span class='ocrx_word' id='word_1_344' title='bbox 788 3675 820 3713; x_wconf 85' lang='lat' dir='ltr'>uc</span> <span class='ocrx_word' id='word_1_345' title='bbox 835 3657 990 3714; x_wconf 86' lang='lat' dir='ltr'>Samnitem</span> <span class='ocrx_word' id='word_1_346' title='bbox 1004 3672 1081 3726; x_wconf 82' lang='lat' dir='ltr'>aequo</span> <span class='ocrx_word' id='word_1_347' title='bbox 1094 3653 1144 3710; x_wconf 80' lang='lat' dir='ltr'>foe-</span> 
     </span>
     <span class='ocr_line' id='line_1_43' title="bbox 212 3721 1143 3871; baseline 0.017 -99"><span class='ocrx_word' id='word_1_348' title='bbox 212 3736 307 3807; x_wconf 24' lang='lat' dir='ltr'>«ardere</span> <span class='ocrx_word' id='word_1_349' title='bbox 321 3733 464 3821; x_wconf 68' lang='lat' dir='ltr'>victutulii&#39;.</span> <span class='ocrx_word' id='word_1_350' title='bbox 500 3729 777 3871; x_wconf 46' lang='lat' dir='ltr'>‘Epp&#39;conditiqnilrus</span> <span class='ocrx_word' id='word_1_351' title='bbox 798 3721 965 3824; x_wconf 24' lang='lat' dir='ltr'>paratum&#39;l&#39;se‘</span> <span class='ocrx_word' id='word_1_352' title='bbox 978 3731 1038 3814; x_wconf 79' lang='lat' dir='ltr'>esse</span> <span class='ocrx_word' id='word_1_353' title='bbox 1049 3726 1143 3811; x_wconf 72' lang='lat' dir='ltr'>&#39;loedus</span> 
     </span>
    </p>
   </div>
   <div class='ocr_carea' id='block_1_4' title="bbox 0 0 1324 4206">
    <p class='ocr_par' dir='ltr' id='par_1_6' title="bbox 0 0 1324 4206">
     <span class='ocr_line' id='line_1_44' title="bbox 0 0 1324 4206; baseline 0 1"><span class='ocrx_word' id='word_1_354' title='bbox 0 0 1324 4206; x_wconf 95' lang='lat' dir='ltr'> </span> 
     </span>
    </p>
   </div>
  </div>
 </body>
</html>
