2622 4194
509 319 620 405 'arana
635 352 655 402 1.
677 349 735 402 sas.
747 366 821 402 mv.
1095 353 1141 414 35

202 492 309 568 cupido
325 494 468 560 bonorum,
488 503 518 550 et
540 493 585 552 eui
604 492 750 568 Tarquinii
772 503 894 550 matam
914 490 1023 550 tentdm
1044 493 1138 568 patris.

203 581 286 628 esset
331 571 453 628 Sublatis
475 570 567 644 itaque
588 572 679 642 rebus,
702 570 885 645 commigrant
906 570 1034 628 Romam
1083 572 1130 628 Ad
1188 596 1193 609 ·

205 644 362 704 ianiculum
377 648 445 706 forte
459 660 571 707 ventum
584 659 659 706 erat:
680 649 719 706 ibi
733 649 780 720 eis
793 657 923 722 carpento
945 647 1052 704 sedenti
1066 665 1131 706 cum

206 743 295 796 uxore,
310 726 409 800 aquila,
424 727 565 800 suspensis
575 727 697 784 demissa
719 727 818 784 leniter
837 726 897 797 alb,
909 723 1011 799 pileum
1022 725 1130 796 asserta

182 820 337 876 scuperque
350 814 513 878 carpentum
526 823 590 860 cum
611 823 713 878 magno
735 805 867 878 clangore
883 803 1007 871 volitans,
1027 821 1130 874 rursus,

205 879 275 937 uelut
287 881 441 941 ministerio
453 881 584 938 divinitus
604 882 696 953 missa,
717 881 801 956 capiti
824 878 887 954 apte
910 880 1035 954 reponit:
1065 881 1133 938 inde

201 955 326 1016 sublimis
338 958 415 1017 abiit.
455 960 608 1034 Accepisse
622 959 650 1016 id
671 960 817 1034 augurium
839 959 902 1014 laeta
924 958 1025 1016 dicitur
1038 957 1137 1014 Tana·

201 1033 267 1106 quil,
278 1036 373 1110 perita,
389 1047 419 1093 ut
431 1036 512 1112 vulgd
526 1037 647 1104 Etrusci,
661 1037 814 1094 coelestium
828 1036 1011 1111 prodigiorum
1023 1035 1129 1092 mulier.

201 1110 321 1170 Excelsa
333 1125 362 1171 et
379 1114 433 1171 alta
453 1133 562 1189 sperare
583 1115 726 1189 complexe
746 1114 834 1172 virum
852 1114 947 1189 jubet:
977 1118 994 1148 ‘⁶
1006 1131 1067 1169 earn
1082 1113 1132 1172 uli·

168 1207 193 1249 ιο
201 1190 219 1222 “
233 1199 289 1246 tem
309 1192 343 1248 cd
361 1193 475 1267 regione
495 1193 558 1250 coeli
578 1204 606 1250 et
619 1193 679 1267 ejus
699 1193 752 1248 Dei
772 1191 898 1248 nuntiam
911 1190 1034 1248 venisse:
1054 1190 1131 1247 circa

123 1312 127 1316 .
184 1268 220 1324 .“
232 1272 370 1326 summum
383 1269 494 1326 culmen
507 1270 627 1326 hominis
640 1270 794 1344 auspicium
818 1269 932 1326 fecisse:
962 1269 1066 1325 levasse
1080 1270 1130 1326 hu-

202 1346 221 1378 “
232 1363 314 1402 mano
325 1347 528 1420 superpositum
551 1347 634 1420 capiti
654 1348 749 1415 decus,
773 1357 804 1406 ut
816 1347 947 1405 divinitus
960 1345 1051 1402 eidem
1070 1346 1131 1402 red-

201 1423 221 1456 “
229 1423 338 1491 deret.'’
366 1424 427 1480 Has
440 1442 502 1498 spes
515 1425 748 1500 cogitationesque
761 1445 857 1482 secum
870 1434 1019 1500 portantes,
1033 1423 1130 1480 urbem

119 1498 121 1504 ’
201 1499 318 1574 ingressi
332 1513 416 1569 sunt3
437 1501 630 1576 domicilioque
644 1503 683 1559 ibi
703 1513 870 1578 comparato,
891 1502 923 1559 L.
944 1500 1135 1573 Tarquinium

169 1595 192 1634 ro
202 1576 325 1634 Priscum
348 1578 464 1636 edidere
481 1599 592 1638 nomen.
632 1581 769 1637 Romanis
783 1581 965 1654 conspicuum
978 1597 1043 1635 eum
1056 1577 1135 1634 novi·-

200 1665 241 1715 us
255 1656 409 1730 divitiaeque
423 1657 577 1714 faciebant:
606 1657 705 1732 etipse
719 1659 854 1715 fortunam
869 1657 990 1732 benigno
1003 1655 1128 1728 elloquio,

200 1733 328 1790 comitate
343 1735 485 1802 invitandi,
501 1735 706 1810 beneficiisque,
728 1755 795 1810 quos
815 1745 929 1810 poterat,
950 1734 1002 1791 sibi
1016 1732 1130 1790 concili·

200 1811 279 1880 ando,
294 1812 456 1886 adjuvabant
486 1813 576 1870 donec
589 1813 618 1869 in
632 1814 737 1884 regiam
757 1831 865 1886 quoque
886 1813 921 1867 de
934 1831 968 1867 eo
978 1811 1051 1866 sama
1069 1827 1131 1884 per·

199 1886 255 1943 lata
277 1899 335 1944 est:
369 1888 548 1961 notitiamque
569 1906 630 1944 eam
658 1888 742 1959 brevi,
769 1889 841 1962 apud
866 1907 960 1962 regern
980 1887 1130 1944 liberaliter

165 1963 346 2037 eadentreque
359 1964 488 2022 obeundo
500 1965 601 2031 officia,
620 1965 648 2021 in
671 1965 814 2022 familiaris
835 1965 963 2022 amicitiae
977 1964 1131 2020 adduxerat

108 2077 111 2084 ,
198 2041 270 2114 jura,
283 2053 313 2096 ut
332 2042 450 2114 publicis
470 2043 569 2115 pariter
590 2061 623 2099 ac
642 2043 754 2117 privatis
773 2043 896 2100 consiliis
916 2042 987 2098 bello
1000 2041 1132 2113 domique·

199 2117 363 2184 irrteresset3
396 2129 432 2182 et,
455 2137 504 2190 per
523 2121 616 2175 omnia
635 2131 770 2194 expertus,
791 2119 928 2196 postremd
952 2130 1024 2176 tutor
1042 2118 1128 2174 etiarn

198 2193 295 2252 liberis
309 2195 381 2269 regis
394 2205 558 2251 testamento
571 2197 782 2254 institueretur„

236 2349 361 2406 XXXV.
388 2349 530 2425 Regnavit
542 2350 641 2407 Auctis
655 2369 742 2407 annos
754 2359 869 2424 quatuor
882 2359 910 2407 et
923 2349 1029 2426 uiginti,
1050 2350 1132 2407 cuili-

117 2397 123 2408 ι
163 2446 189 2488 os
198 2427 244 2484 bet
257 2428 432 2501 superiorum
442 2447 539 2502 regum
554 2427 617 2484 belli
628 2428 758 2502 pacisque
772 2439 799 2485 et
813 2429 917 2484 artibus
927 2439 955 2484 et
967 2427 1055 2503 gloriis
1067 2445 1125 2502 par.
1211 2427 1215 2442 ‘

197 2505 259 2562 Jam
274 2506 322 2562 filii
335 2525 419 2580 prope
432 2507 564 2580 puberem
586 2515 692 2562 aetatem
706 2516 802 2563 erant:
830 2507 864 2562 eb
877 2506 965 2581 magis
979 2504 1129 2580 Tarquini·

196 2601 230 2639 us
243 2583 354 2651 instare,
374 2595 409 2642 ut·
421 2584 508 2658 ,qulam
528 2583 645 2658 primum
669 2584 781 2640 comitia
803 2585 862 2659 regi
883 2584 1003 2641 creando
1018 2584 1126 2642 fierent

196 2658 309 2720 Quibus
322 2662 443 2733 indictis,
457 2663 508 2718 sub
527 2674 635 2736 tempus
655 2679 753 2736 pueros
773 2673 901 2719 venatum
915 2661 1069 2737 ablegavit:
1089 2661 1127 2718 is·

197 2755 249 2810 que
270 2739 373 2812 primus
392 2750 421 2796 et
439 2739 539 2813 petisse
553 2739 695 2796 ambitiose*
710 2757 835 2814 regnum,
851 2750 879 2797 et
891 2741 1042 2797 orationem
1057 2738 1129 2795 dici·

162 2825 240 2874 satur
267 2817 394 2872 babuisse
414 2817 449 2874 ud
469 2816 657 2874 conciliandos
681 2817 768 2891 plebis
793 2818 899 2875 animos
925 2816 1124 2890 compositam:

195 2910 289 2964 quum,
304 2897 321 2928 “
331 2913 361 2950 se
375 2913 429 2950 non
443 2913 501 2950 rem
515 2913 612 2950 noram
632 2905 743 2968 petere3
770 2896 870 2970 quippe
884 2895 930 2969 qui
950 2911 1006 2950 non
1020 2892 1125 2965 primus

195 2970 214 3002 “
227 2969 311 3045 (quod
325 2972 468 3046 quisquam
481 2973 616 3047 indignari
631 2973 758 3030 mirarive
771 2975 886 3048 posset),
898 2972 946 3028 sed
958 2969 1054 3026 tertius
1067 2969 1125 3027 Ro·

196 3049 214 3082 “
225 3067 277 3106 mae
290 3051 451 3124 peregrinus
464 3069 578 3124 regnum
594 3051 719 3107 affectet:
753 3061 781 3107 et
801 3051 920 3108 Tatium
928 3066 984 3104 non
998 3065 1034 3104 ex
1046 3065 1127 3122 pere·

196 3128 213 3159 “
224 3127 303 3201 grino
316 3127 413 3198 solum,
424 3129 476 3184 sed
490 3127 572 3184 etiam
592 3147 627 3184 ex
647 3129 734 3194 hoste,
748 3147 842 3204 regern
863 3127 983 3183 facturn:
1017 3137 1044 3182 et
1062 3125 1126 3183 Nu·

161 3204 212 3259 as“
225 3223 307 3272 marn,
322 3205 447 3279 ignarum
462 3206 545 3271 urbis,
560 3224 615 3262 non
635 3212 784 3280 petentem,
808 3206 838 3262 in
858 3222 974 3278 regnum
994 3203 1064 3261 ultro
1077 3223 1126 3262 ae-

194 3283 213 3316 “
224 3282 318 3339 citum.
359 3284 406 3355 Se,
420 3302 454 3339 ex
467 3301 520 3357 quo
533 3283 574 3339 sui
587 3294 685 3357 potens
693 3283 784 3350 fuerit,
796 3283 920 3344 ‘Romam
930 3300 994 3338 cum
1003 3281 1124 3356 conjuge

195 3361 213 3392 ‘¹
224 3378 257 3416 ae
270 3360 386 3418 fortunis
399 3361 527 3418 omnibus
540 3361 752 3435 commigrisse:
773 3361 903 3434 majorem
915 3371 1020 3434 partem
1035 3357 1122 3414 aetetis

195 3436 291 3511 “ejus
305 3440 360 3512 quai
374 3439 499 3495 ciuilibus
519 3435 617 3495 officiis
637 3439 786 3514 fungantur
807 3438 941 3504 homines,
962 3438 1061 3494 Rornae
1082 3451 1121 3503 se,

195 3517 214 3550 “
225 3514 306 3588 quarn
319 3517 347 3573 in
363 3529 453 3576 vetere
466 3517 565 3590 patriai,
578 3517 694 3572 vixisse:
722 3516 796 3572 dorni
810 3514 967 3589 militiaeque
981 3513 1032 3570 sub
1046 3511 1122 3568 haud

158 3592 380 3668 ⁴o“poenitendo
399 3595 539 3670 magistro,
560 3595 618 3668 ipsu
638 3596 722 3651 Anco
740 3612 815 3668 rege,
842 3593 971 3650 Romana
993 3609 1022 3646 se
1049 3589 1122 3664 jura,

193 3671 366 3728 “Romanos
378 3673 446 3730 ritus
459 3663 598 3730 didicisse.
638 3672 779 3745 Obsequio
801 3681 830 3728 et
851 3666 1065 3728 observantiam
1079 3685 1123 3724 re·

192 3753 287 3826 “gem
301 3767 364 3806 cum
378 3752 514 3824 omnibus,
529 3750 698 3825 benignitate
718 3767 784 3824 erga
807 3749 874 3807 alios
894 3765 958 3804 cum
972 3763 1037 3820 rege
1051 3744 1121 3820 ipso,
1143 3754 1144 3768 ¹

1283 389 1304 466 l
