2638 4206
155 343 210 402 llll
535 337 602 390 'l'lTl
617 333 699 391 L1v11

154 493 266 543 externa
285 481 326 538 vis
344 481 458 555 quesita
477 493 558 549 esset,
581 482 745 556 nequirent:
777 471 1083 537 hunc‘transeuntibus¹
1117 456 1121 572 ξ

154 562 241 636 Alpes
266 560 376 630 ducem,
404 570 595 635 auctoremque
621 559 746 616 Clusium
774 556 951 632 oppugnandi
984 555 1076 612 luisse.

153 638 290 712 Equidem
310 638 383 693 haud
403 638 555 704 abnuerim,
578 638 703 694 Clusium
726 635 820 692 Gallos
840 634 875 690 ab
889 637 1007 704 Arunte‚
1028 651 1077 690 seu

153 735 206 790 quo
231 715 284 771 alio
304 715 427 780 Clusino,
455 716 603 772 adductos:
637 715 685 770 sed
711 733 767 785 eos
795 712 841 786 qui
861 711 1078 786 oppugnaverint

153 793 289 864 Clusium,
303 811 358 848 aon
372 791 463 862 luisse,
478 794 523 866 qui
536 793 616 867 primi
639 793 725 866 Alpes
747 790 913 860 transierint,
934 789 999 845 satis
1012 807 1077 844 con·
1097 789 1110 836 3

153 881 221 927 stat:
255 870 381 927 ducentis
400 870 499 944 quippe
513 871 592 926 annis
606 869 677 940 ante,
698 869 779 943 quarn
793 867 918 924 Clusium
938 885 1077 941 oppugna-

153 959 225 1014 rent,
240 948 388 1021 urbemque
403 947 521 1004 Romam
536 959 675 1023 caperent,
690 948 718 1003 in
733 946 839 1004 ltaliam
852 945 924 1000 Galli
938 954 1077 1000 transcen-

153 1025 270 1083 derunt:
290 1044 345 1082 nec
357 1043 420 1081 cum
441 1026 483 1081 his
502 1026 619 1100 primum
641 1026 829 1094 Etruscorum,
850 1023 898 1078 sed
912 1021 997 1078 multb
1011 1023 1076 1078 ante

153 1121 218 1160 cum
239 1104 281 1175 iis,
301 1103 347 1176 qtri
370 1103 441 1159 inter
461 1104 640 1177 Apenninum
665 1103 802 1176 Alpesque
823 1101 989 1170 incolebant,
1005 1117 1077 1176 saepe

153 1182 290 1240 exercitus
309 1181 409 1236 Gallici
430 1185 597 1255 pugnavere.
649 1180 814 1250 Tuscorum,
835 1190 898 1234 ante
919 1177 1078 1234 Romanum
1088 1185 1112 1224 1⁰

153 1259 307 1332 imperium,
331 1257 385 1314 late
406 1259 478 1314 terrei
499 1259 619 1332 ararique
639 1277 704 1332 opes
724 1259 853 1331 patuere:
884 1256 951 1311 mari
973 1256 1079 1328 Supero

154 1335 308 1409 inferoque,
330 1336 427 1409 quibus
449 1336 527 1392 Italia
555 1337 650 1393 irrsulae
678 1336 759 1391 modo
786 1334 915 1408 cingitur,
942 1333 1079 1406 quantum

152 1415 299 1488 potuerint,
313 1414 424 1470 nomina
438 1425 501 1469 sunt
524 1424 701 1488 argumento,
731 1411 803 1486 quod
825 1413 938 1467 alterum
953 1410 1079 1466 Tuscum

133 1491 293 1547 'communi
314 1491 446 1548 vocabulo
472 1492 570 1566 gentis,
602 1491 716 1547 alterum
744 1490 917 1546 Adriaticum
939 1507 1023 1554 mare,
1044 1488 1078 1542 ab

154 1569 242 1624 Adria
256 1569 412 1626 Tuscorum
433 1570 549 1635 colonial,
573 1567 705 1625 vocavere
727 1567 830 1623 Italicae
843 1578 947 1640 gentes.
988 1565 1078 1644 Graecj
1088 1572 1113 1611 1⁵

154 1647 250 1702 eadem
265 1646 442 1718 Tyrrhenum
457 1661 536 1719 atque
556 1646 727 1701 Adriaticum
743 1655 849 1700 vocant.
889 1645 956 1700 liin
978 1654 1080 1700 utrum·

153 1741 206 1796 que
221 1741 295 1778 mare
308 1735 452 1796 vergentes
466 1724 605 1779 incoluere
616 1723 730 1778 urbibus
743 1721 878 1778 duodenis
891 1732 993 1789 terras3
1007 1720 1080 1795 prids

154 1800 195 1856 cis
209 1799 386 1872 Apenninum
401 1801 435 1855 ad
449 1800 571 1856 Inferum
586 1819 670 1871 mare,
691 1810 784 1874 postea
803 1809 877 1855 trans
889 1800 1079 1874 Apenninum,

154 1877 277 1948 totidem,
298 1887 363 1950 quot
385 1878 475 1952 capita
488 1879 611 1952 ¹originis
632 1889 719 1943 eraut,
743 1877 857 1934 coloniis
880 1877 987 1945 missis;
1020 1894 1082 1950 quae

154 1965 230 2011 trans
250 1955 355 2010 Padum
376 1956 468 2012 omnia
490 1955 559 2027 loce,
583 1967 700 2030 excepto
718 1955 885 2011 Venetorum
905 1955 1013 2029 angulo,
1035 1954 1113 2026 quim

155 2032 244 2088 sinum
259 2033 459 2089 circumcolunt
472 2034 563 2099 maris,
578 2051 663 2106 usque
677 2034 711 2088 ad
725 2033 811 2106 Alpes
824 2035 948 2090 tenuere.
972 2031 1081 2105 Alpinis

154 2128 262 2183 quoque
275 2129 308 2166 ea
321 2111 448 2184 gentibus
468 2112 541 2168 haud
560 2111 645 2167 dubie
660 2111 736 2185 origo
749 2123 799 2182 est,
821 2109 942 2166 maxime
956 2109 1064 2165 Rhaetis
1072 2129 1080 2177 ;

154 2206 222 2260 quos
234 2188 295 2244 loca
309 2188 367 2261 ipsa
379 2187 535 2257 efferarunt,
560 2190 673 2262 nequid
690 2189 858 2261 errantique,
872 2198 969 2263 praeter
983 2205 1080 2244 sonum

154 2263 266 2341 linguae,
280 2284 334 2322 nec
347 2282 411 2322 eum
424 2267 622 2342 incorruptum,
636 2267 796 2324 retinerent

192 2421 333 2479 XXXIV.
363 2421 406 2478 De
419 2423 534 2480 transitu
554 2424 582 2479 in
604 2424 711 2480 ltaliam
732 2423 873 2479 Gallorum
893 2423 953 2478 haec
973 2421 1113 2496 accepi-2⁵

141 2519 223 2561 smus.
266 2501 360 2556 Prisco
382 2499 534 2573 Tarquinio
557 2501 656 2556 Romae
682 2511 824 2574 regnante,
846 2501 985 2557 Celtarum
1008 2499 1080 2574 (quae

154 2595 217 2652 pars
230 2577 326 2632 Galliae
339 2577 486 2654 tertiaeet)
507 2597 593 2652 penes
613 2579 751 2652 Bituriges
765 2597 871 2634 summa
884 2578 990 2651 imperii
1011 2577 1079 2632 suit:

154 2655 174 2711 ii
188 2671 281 2729 regern
295 2654 402 2730 Celtico
415 2655 526 2710 dabant.
559 2656 725 2729 Ambigatus
738 2655 761 2711 is
775 2655 834 2721 luit,
849 2656 946 2711 virtute
961 2653 1080 2711 fortuna-

155 2751 207 2806 que
221 2751 304 2805 quum
318 2731 377 2802 sud,
391 2742 448 2788 tum
462 2731 582 2806 publici,
606 2733 776 2807 prepollens,
790 2733 864 2806 qudd
884 2733 998 2807 imperio
1022 2732 1092 2807 ejus¹

155 2810 245 2868 Gallia
258 2808 326 2866 aded
347 2810 455 2884 frugum
479 2812 675 2884 hominumque
698 2811 793 2867 fertilis
813 2811 872 2877 suit,
888 2824 917 2867 ut
937 2810 1113 2867 abundasse

154 2889 300 2945 multitudo
320 2887 366 2944 vix
384 2887 442 2962 regi
463 2889 599 2945 videretur
611 2907 699 2963 posse.
740 2889 796 2944 Hic
820 2907 920 2963 magno
941 2898 1007 2942 natu
1021 2887 1079 2960 ipse

152 2966 218 3040 jam,
239 2984 386 3022 exonerare
401 2977 587 3040 praegravante
601 2968 681 3023 turba
691 2985 806 3040 regnum
820 2967 943 3040 cupiens,
957 2963 1080 3020 Bellove-

155 3061 216 3098 sum
231 3062 264 3099 ac
278 3043 449 3118 Sigovesum,
472 3044 570 3100 sororis
590 3045 668 3115 lilios,
692 3043 821 3118 impigros
838 3044 961 3119 jurense,
982 3040 1079 3096 missu·

154 3137 214 3175 rum
236 3137 265 3175 se
285 3138 353 3190 esse,
375 3121 404 3176 in
417 3141 484 3194 quas
501 3120 548 3177 Dii
562 3122 701 3178 dedissent
715 3121 836 3196 auguriis
849 3120 936 3185 sedes,
950 3117 1077 3174 ostendit.

154 3196 300 3258 Quantum
314 3197 364 3270 ipsi
378 3199 479 3256 vellent
499 3211 643 3256 numerum
667 3199 817 3267 hominurn,
831 3197 964 3268 excirent,
978 3213 1013 3252 ne
1026 3201 1112 3268 qua³⁵

154 3293 224 3350 gens
246 3289 340 3330 arcere
360 3276 537 3334 advenientes
562 3286 661 3350 posset.
713 3276 789 3350 Turn
813 3275 944 3350 Sigoveso
963 3272 1080 3330 sortibus

155 3353 211 3410 dati
226 3351 360 3426 Hercynii
373 3353 472 3410 saltus:
513 3354 653 3412 Belloveso
664 3355 737 3411 lraud
750 3352 831 3429 paulb
842 3353 971 3410 laetiorem
983 3351 1011 3407 in
1026 3349 1082 3406 Ita·

154 3430 219 3488 liam
233 3431 304 3488 tiam
318 3429 366 3486 Dii
379 3430 489 3490 dabant.
529 3431 567 3504 Is,
581 3433 653 3506 quod
665 3433 726 3507 ejus
739 3449 774 3489 err
793 3431 900 3506 populis
913 3429 1081 3500 abundabat,
1124 3467 1126 3472 ·

155 3507 304 3585 Bituriges,
319 3508 466 3577 Arvernos,
482 3511 615 3580 Senones,
631 3511 746 3580 AEduos‚
759 3510 917 3575 Ambarros,
932 3507 1080 3573 Carnutes,

156 3585 299 3658 Aulercos,
313 3585 422 3645 excivit.
463 3587 605 3645 Profectus
625 3588 783 3664 ingentibus
803 3587 927 3668 peditum
946 3585 1115 3660 equitum*

155 3679 209 3736 que
222 3665 318 3737 copiis,
331 3665 360 3722 in
374 3663 547 3723 Tricastinos
556 3666 638 3723 venit
678 3666 766 3741 Alpes
776 3665 840 3723 inde
850 3663 980 3740 opposite
988 3672 1079 3731 eraut;

65 3789 67 3794 .
154 3757 223 3816 quas
235 3740 467 3819 inexsuperabiles
479 3743 550 3801 visas
570 3745 644 3803 haud
664 3743 792 3820 equidem
812 3742 905 3817 miror,
926 3741 1002 3801 nulli
1015 3741 1080 3798 dum
