2622 4194
513 355 666 410 Lissum.
697 367 866 408 enemim..
1109 351 1148 414 ω
1218 372 1222 378 »

131 510 134 527 ‘
212 501 409 571 restituentem
429 509 458 559 et
470 501 544 577 apud
563 511 659 578 regem
672 499 823 568 Etruscum
835 507 892 557 tlon
904 503 964 556 tdte
976 493 1073 567 solim,
1097 497 1147 558 sed

213 581 346 638 honorate
357 579 451 648 etiam
464 580 551 637 virtus
563 579 633 650 fuit3
653 580 849 652 laudatumque
860 577 996 653 virginem
1008 585 1086 650 parte
1098 576 1149 636 ob·

215 659 304 728 sidum
317 677 346 716 se
354 659 464 716 “donare
478 657 547 716 dixit
556 677 572 716 ε.
584 659 653 734 ipsa,
666 677 735 732 quos
747 656 839 722 vellet,
847 656 959 732 legeret.
1002 654 1149 712 Productis

215 736 350 804 omnibus,
364 736 483 812 elegisse
503 736 630 813 impubes
643 737 765 804 dicitur3
798 735 872 808 quod
883 745 913 790 et
932 732 1081 808 virginitati
1101 732 1150 790 de·

193 827 317 887 beorum,
338 823 367 872 et
389 811 529 872 consensu
548 815 677 875 obsidum
697 815 820 889 ipsorum
838 812 980 888 probabile
999 821 1066 883 erat,
1086 829 1151 868 eam

213 901 321 950 etatem
334 891 506 968 potissimim
519 893 630 950 liberari
641 893 677 950 ab
689 894 777 963 hoste,
790 909 852 966 quae
866 888 986 948 maxime
996 899 1151 964 opportune

143 961 149 986 “
187 1027 193 1046 x
210 968 319 1044 injuriae
333 980 415 1028 esset.
455 971 530 1028 Pace
540 972 737 1047 redintegrati,¹
748 969 872 1028 Romani
885 987 984 1025 novem
992 968 1021 1024 in
1035 967 1151 1024 loernind

208 1047 341 1104 virtutem
367 1067 438 1106 novo
457 1067 559 1124 genere
579 1050 701 1117 honoris,
729 1049 821 1105 staturi
847 1047 975 1121 equestri,
996 1045 1150 1104 donaveret

155 1161 158 1172 κ
210 1123 241 1182 in
255 1125 366 1184 summai
379 1127 467 1184 Sacri
480 1128 524 1184 viri
538 1128 590 1185 suit
601 1128 692 1204 posita
704 1127 781 1203 virgo
791 1124 916 1183 insidens
928 1143 1008 1199 equo.

177 1219 205 1246 ἦ

178 1264 199 1338 ἓ
252 1280 368 1340 XXIII.
409 1323 504 1341 .....
515 1283 766 1342 BellumVolscum
776 1282 948 1355 imminebat,
957 1292 985 1340 et
993 1280 1153 1353 civitasse·

184 1355 199 1426 ⁰[
213 1375 280 1415 oum
293 1360 354 1434 ipsa
366 1361 481 1428 discors,
495 1362 626 1420 intestino
639 1363 710 1420 inter
723 1364 820 1421 Patres
841 1363 1007 1437 plebemque
1019 1361 1153 1436 flagrabat

184 1431 199 1458 ⁴
212 1435 287 1510 odio,
300 1437 422 1497 maxime
432 1449 541 1515 propter
552 1457 638 1498 nexos
649 1441 686 1498 ob
697 1461 733 1498 aes
741 1442 871 1498 alienum
892 1439 1072 1510 Premebant,
1084 1442 1102 1474 “
1112 1455 1153 1510 se,

179 1509 200 1597 ᾖ
213 1514 232 1548 “
242 1514 309 1572 soris
322 1535 372 1590 pro
384 1516 518 1574 libertate
531 1529 559 1575 et
579 1519 695 1594 imperio
717 1519 891 1588 dimicantes,
915 1518 991 1574 domi
1016 1537 1032 1572 a
1045 1512 1155 1574 civibus

185 1593 232 1656 d“
243 1604 337 1668 captos
361 1603 389 1652 et
408 1609 552 1672 oppressos
566 1610 645 1666 esse3
676 1597 858 1670 tutioremque
879 1597 908 1652 in
930 1595 1003 1653 bello
1022 1595 1103 1669 quim
1115 1594 1153 1652 vin

180 1671 322 1746 fflpace,
347 1672 420 1732 inter
445 1673 538 1731 hostes
564 1673 648 1749 quim
674 1675 745 1732 inter
771 1675 853 1745 cives,
884 1674 1039 1730 libertatem
1064 1673 1155 1749 plebis

213 1751 232 1784 “
243 1767 304 1806 esse
314 1769 320 1807 :
330 1750 348 1778 ”
369 1751 556 1826 invidiamque
570 1771 642 1820 eam,
657 1753 708 1810 sud
728 1764 826 1830 sponte
846 1752 1020 1828 gliscentem,
1035 1751 1154 1826 insignis

146 1847 149 1856 ·
213 1827 296 1886 unius
309 1829 453 1886 calamitas
475 1832 613 1888 accendit:
654 1831 762 1906 Magno
782 1843 850 1888 natu
873 1831 995 1904 qnidam,
1017 1849 1081 1887 cum
1095 1849 1155 1886 om·

180 1976 182 1982 Ι
213 1905 292 1962 nium
305 1908 440 1964 melorum
453 1927 565 1966 suorum
579 1910 746 1984 insignibus,
760 1928 790 1966 se
804 1909 936 1966 insonum
949 1909 1082 1983 projecit:
1105 1907 1156 1964 οἶν
1196 1961 1198 1968 ,

87 2049 90 2056 1
215 1983 268 2038 sita
279 1995 338 2040 erat
351 1985 476 2058 squalore
498 1987 592 2054 restis,
613 1988 711 2044 soedior
732 1987 852 2062 corporis
875 1987 985 2042 habitus
1006 1986 1107 2060 pallore
1120 2003 1155 2042 ac

181 2060 306 2120 mmacie
319 2063 463 2135 perempti.
504 2065 550 2120 Ad
565 2065 627 2138 hoc,
640 2066 775 2140 promissa
794 2065 880 2120 barba
899 2076 928 2121 et
948 2063 1040 2138 capilli
1060 2063 1156 2120 effera-

216 2149 314 2195 verant
327 2139 449 2214 speciem
461 2140 525 2196 oris.
565 2142 762 2199 Noscitabatur
782 2153 876 2200 temen
889 2143 918 2198 in
931 2143 1009 2218 tantri
1026 2141 1157 2198 descrmi·

216 2225 283 2288 tate,
297 2227 325 2272 et
337 2217 449 2273 ordines
463 2216 574 2274 duxisse
589 2219 700 2274 aiebant
711 2239 724 2288 ;‘
745 2219 852 2292 alisque
866 2220 970 2275 militis
984 2219 1086 2276 decoro
1098 2207 1156 2273 tui-

215 2291 263 2368 gb,
278 2294 442 2351 miserantes
455 2313 530 2362 eum,
541 2295 700 2371 jactabunt3
730 2295 799 2370 ipsc,
819 2306 903 2351 testes
916 2297 1093 2351 honestarum
1108 2295 1157 2350 bli-

216 2383 282 2444 quot
294 2372 363 2429 locis
376 2391 544 2448 pugnarum,
563 2374 710 2431 cicatrices
733 2374 847 2430 adverso
866 2377 978 2448 pebtore
992 2372 1158 2430 ostentabant

184 2450 432 2508 resciscitantibus
445 2451 521 2508 unde
533 2452 579 2510 ille
600 2452 733 2509 habitus?
766 2452 841 2508 unde
862 2451 1043 2508 deformitasl
1071 2469 1157 2524 quum

217 2527 387 2585 circumfusa
399 2529 480 2586 turba
492 2540 566 2587 esset
578 2529 664 2606 prope
678 2531 708 2588 in
721 2529 866 2587 concionis
876 2531 999 2602 modum,
1019 2533 1037 2564 ‘⁴
1051 2529 1160 2588 Sabino

137 2669 139 2675 ,
218 2607 236 2640 “
247 2607 351 2674 bello,''
365 2607 413 2679 eit,
427 2609 446 2646 “
454 2627 484 2664 se
498 2609 673 2679 militantem,
689 2609 876 2684 quiapropter
890 2609 1083 2684 populationes
1097 2609 1157 2684 agri

218 2685 237 2718 “
248 2703 304 2742 non
318 2686 410 2742 fructu
423 2685 505 2743 modo
519 2689 648 2754 caruerit,
667 2689 717 2744 sed
737 2687 801 2744 ville
813 2689 930 2744 incensa
943 2687 1035 2754 suerit,
1050 2687 1158 2761 direpta

218 2763 351 2830 “omnia,
371 2781 473 2838 pecora
493 2765 601 2832 abacta,
621 2765 755 2823 tributum
775 2765 871 2840 iniquo
891 2785 942 2822 sno
964 2775 1088 2840 tempore
1108 2764 1158 2821 im⁴

186 2842 238 2900 Μ
249 2852 386 2916 peratum,
400 2857 437 2898 aes
450 2843 571 2900 alienum
586 2844 702 2901 secisse:
736 2845 773 2914 id,
797 2845 970 2902 cumulatum
983 2842 1083 2908 usuris,
1103 2842 1159 2915 pri-

125 2985 128 2990 ,
220 2921 241 2954 ‘⁶
250 2917 295 2976 md
304 2937 334 2975 se
348 2937 415 2994 agro
426 2931 542 2994 paterno
555 2921 680 2996 asiloque
701 2923 820 2989 exuisse,
835 2922 938 2978 deinde
949 2919 1066 2976 fortunis
1080 2918 1158 2976 aliis:
1258 2939 1260 2944 ’

220 2999 395 3074 “postremd,
417 2999 492 3055 velut
505 2999 607 3068 tabem,
620 3000 779 3076 pervenisse
792 3000 827 3057 ad
841 3017 949 3074 corpus,
990 2997 1114 3054 Doctum
1128 3017 1159 3056 se
1191 3053 1193 3060 .

219 3077 239 3114 “
249 3076 286 3134 ab
298 3075 445 3149 creditore,
458 3095 515 3135 non
529 3077 558 3134 in
578 3071 729 3148 servitium,
750 3079 799 3135 sed
819 3079 848 3134 in
869 3076 1040 3152 ergastulum
1053 3087 1081 3134 et
1100 3095 1160 3134 car·

219 3159 238 3192 “
249 3155 392 3213 nilicinem
407 3146 515 3212 esse.”'
537 3154 609 3213 Inde
621 3167 760 3214 ostentare
773 3168 892 3230 tergum,
916 3154 1021 3214 foedum
1041 3155 1160 3213 recenti·

188 3236 273 3292 asbus
285 3231 408 3308 vestigils
421 3234 574 3290 verberum.
615 3235 662 3292 Ad
675 3236 737 3294 haec
750 3235 809 3292 risa
830 3233 977 3308 auditaque
1001 3234 1105 3292 clamor
1117 3234 1172 3294 ins

221 3331 291 3390 gens
303 3311 399 3371 oritur.
438 3311 505 3370 Non
516 3313 574 3389 jam
597 3313 655 3372 foro
672 3331 702 3370 se
720 3313 857 3370 tumultus
879 3313 1013 3381 continet,
1035 3313 1085 3370 sed
1098 3329 1160 3385 pas·

223 3390 373 3448 sim'totam
386 3388 485 3447 urbem
504 3393 637 3466 pervadit.
677 3391 762 3450 Nerm
775 3390 860 3448 vincti
876 3391 1012 3466 solutique
1036 3408 1065 3446 se
1079 3388 1160 3444 undi-

223 3473 277 3542 que
296 3467 326 3524 in
344 3465 490 3542 publicum
516 3469 687 3545 proripienti
720 3467 867 3546 implorant
890 3469 1046 3530 Quiritium
1066 3465 1159 3526 iidem.

224 3545 311 3604 Nullo
322 3545 385 3603 loco
397 3545 476 3604 deest
488 3546 631 3606 seditionis
639 3549 809 3619 voluntarius
821 3565 934 3606 comes:
954 3545 1048 3604 multis
1057 3544 1161 3619 passim

190 3621 382 3700 toagminibus
394 3641 443 3700 per
455 3641 554 3683 omnes
565 3625 625 3684 rias
644 3643 709 3685 cum
729 3627 849 3684 clamore
865 3626 898 3684 in
919 3626 1009 3685 forum
1031 3623 1160 3681 curritur.

224 3701 333 3780 Magno
345 3717 410 3759 cum
422 3703 547 3779 periculo
560 3721 621 3778 suo,
633 3704 680 3779 qui
694 3705 763 3763 sorte
785 3704 898 3762 Petrum
914 3705 943 3762 in
956 3703 1016 3759 foro
1029 3713 1117 3769 erant,
1131 3702 1161 3760 in

223 3799 287 3841 eam
300 3779 410 3839 turbam
420 3781 579 3842 inciderunt
591 3802 599 3840 ε
627 3801 682 3841 nee
702 3794 885 3860 temperatum
897 3779 1026 3840 menibus
1039 3779 1118 3847 soret,
1131 3775 1162 3834 ni
1179 3779 1182 3788 “
1256 3813 1258 3821 2

759 3969 765 3996 Ι
