2622 4194
155 356 175 416 2
286 351 288 362 ·
435 351 585 404 arraona
600 353 693 404 oraru
708 353 813 404 anun.

118 540 122 548 Α
155 495 220 546 iacit.
252 507 293 543 η..
306 492 405 542 Occisus
412 493 482 542 esteb
490 494 550 542 linei
557 492 618 553 filiis,
626 509 699 556 quum
709 489 831 570 regnisset
841 507 915 544 moos
922 494 1015 558 triginta
1025 501 1088 548 octo.

154 571 210 608 xus.
223 555 343 604 Successit
353 555 375 603 ei
388 555 437 603 Ser.
448 555 546 612 Tullius,
556 562 625 604 uatus
636 563 771 617 exceptive
785 557 857 604 nobili
864 553 1033 618 corniculani;
1050 559 1089 610 cui

151 631 236 743 fuero,
247 617 323 666 adhuc
334 617 431 665 incunis
441 618 527 678 posito,
534 623 605 678 ceput
614 619 696 668 arsisse
704 619 811 666 traditum
818 623 862 667 est.
877 632 944 668 xnrr.
954 631 1028 669 xuni.
1039 620 1088 668 Vs·

165 686 231 730 entes
242 685 311 740 atque
319 679 430 728 Etruscos
438 679 590 740 proelioiudit.
622 680 882 743 Censumprimusegit.
913 681 1087 730 Lustrumcon·

156 743 221 802 didit,
229 756 275 803 quo
282 741 369 789 civium
376 741 526 801 capitecensa
534 741 653 804 octoginta
660 742 729 789 millia
737 757 790 790 esse
798 743 913 790 dicuntur.
931 743 1087 794 Classescen·

153 805 271 867 turiusque
281 804 409 864 descripsit.
434 817 505 850 surr.
516 803 658 852 Pommrium
666 805 768 864 protulit.
784 803 928 861 Collesurbl,
936 805 1087 862 Quirinalem,

154 865 303 921 viminalem,
311 865 504 925 Esquilinamque
511 863 603 926 adjecit
614 877 675 912 xnv.
683 865 808 926 Templum
814 865 897 914 Dianas
904 880 959 919 cum
966 866 1055 914 Letinis
1062 868 1087 915 in

152 929 271 975 Aventino
282 927 345 974 iecit.
384 940 467 974 xavrr.
478 940 576 974 xnvm.
599 927 740 975 Interiectus
758 933 795 976 est
805 942 819 975 a
829 927 858 975 L.
869 929 1002 988 Tarquinio,
1013 929 1087 976 Prisci

153 988 314 1048 filio,consilio
323 987 431 1036 filiasue
439 988 529 1043 Tulliae,
537 1002 608 1048 quum
616 983 818 1052 regnissetanuos
826 991 974 1053 quadraginta
982 996 1086 1051 quotuor.

152 1065 225 1100 κω.
234 1053 290 1098 Post
297 1051 361 1098 hunc
368 1049 537 1111 L.Tarquinius
547 1049 673 1112 Superbus,
680 1065 757 1112 neque
766 1052 860 1100 Petrum
869 1053 1086 1114 nequepopulijus·

153 1127 190 1168 su,
199 1127 295 1176 regnum
303 1114 400 1171 invasit3
412 1125 458 1173 quo
467 1111 504 1158 die
512 1112 624 1159 scelerata
629 1111 706 1160 Tullia
712 1127 753 1174 per
761 1114 830 1174 patris
834 1113 936 1175 jacentis
944 1129 1027 1176 corpus
1036 1129 1085 1161 car·

152 1180 251 1234 pentum
262 1175 317 1236 egit.
348 1177 454 1221 Armntos
465 1175 526 1220 circa
535 1189 560 1220 se
569 1175 735 1222 adcustodinm
743 1176 886 1235 corporissul
896 1175 985 1223 babuit.
1011 1190 1035 1223 s.
1047 1191 1084 1224 ar.

152 1235 257 1285 Turnum
266 1235 411 1283 Herdonium
422 1235 501 1282 fraude
508 1236 632 1284 interemit.
655 1249 717 1284 arur.
728 1237 822 1284 Bellum
831 1251 885 1284 cum
893 1236 985 1289 Volscis
996 1239 1084 1300 gessit,

135 1311 138 1319 ¹
152 1311 195 1345 nv.
212 1299 245 1346 Et
255 1311 286 1345 ex
294 1313 373 1345 eorum
385 1292 463 1358 praedi
474 1298 586 1358 templum
594 1295 649 1345 Jovi
659 1299 683 1346 iu
703 1297 818 1360 Capitollo
833 1298 896 1347 iecit.
928 1299 1050 1348 Terminus
1061 1314 1084 1349 et

151 1360 265 1407 luventas
275 1374 323 1406 non
334 1357 443 1406 addixere
453 1374 459 1416 3
476 1373 574 1419 quorum
585 1363 633 1405 are‘
640 1361 728 1408 moveri
738 1375 786 1408 nou
793 1367 926 1422 potuerunt.
964 1374 1019 1408 mv.
1031 1362 1085 1409 Filii

154 1421 222 1470 Sexti
229 1423 346 1482 Tarquinii
355 1421 408 1468 doio
417 1421 514 1476 Gabios,
522 1421 546 1476 in
555 1425 695 1480 potestatem
703 1436 769 1470 suana
777 1423 865 1486 redigit.
881 1437 936 1470 nur.
944 1421 1023 1484 Hujus
1032 1422 1084 1471 filiis

150 1482 258 1544 Delphos
269 1483 386 1544 proiectis,
397 1490 422 1531 et
432 1483 615 1538 consulentibus,
627 1483 678 1543 quis
688 1497 769 1532 eorum
780 1489 914 1547 regnaturus
922 1491 985 1532 esset
993 1485 1084 1541 Rome,

151 1546 240 1594 dictum
251 1552 296 1602 est,
306 1559 361 1592 eum
372 1552 528 1607 regnaturum,
539 1545 578 1604 qui
588 1545 674 1605 primus
685 1551 783 1592 matrem
794 1546 911 1593 osculatus
920 1552 988 1594 esset.
1015 1547 1084 1602 Quod

149 1606 1084 1728 ”tttltltll”lluttlillnililtit'nllltllilta‘llfill}

150 1683 238 1778 finctum
249 1731 300 1791 ejus
310 1736 410 1776 eventus
420 1731 452 1776 rei
463 1729 629 1790 comprobavit.
650 1729 713 1776 Nam
724 1745 805 1791 quum,
815 1717 954 1791 impotenter
964 1746 990 1778 se
1001 1685 1083 1794 gergu-

152 1793 191 1848 do,
200 1791 337 1852 Tarquinius
349 1791 466 1851 Superbus
483 1804 565 1838 omnes
583 1791 608 1836 in
619 1792 698 1838 odium
709 1793 744 1839 sui
755 1792 904 1851 adduxisset3
928 1795 957 1840 ad
968 1794 1083 1850 ultimum,

150 1859 243 1914 propter
253 1857 409 1915 expugnatam
426 1848 541 1901 nocturni
559 1851 583 1899 vl
593 1866 607 1899 a
619 1851 692 1900 Sexto
703 1851 752 1901 filio
763 1853 814 1915 ejus
822 1854 937 1902 Lucretiae
949 1856 1083 1915 pudicitiam

152 1917 223 1978 (que,
234 1921 318 1962 vocato
330 1921 392 1975 patre
404 1916 432 1961 ad
441 1929 467 1961 sc
477 1915 612 1975 Tricipitino
621 1920 646 1962 et
653 1916 700 1962 viro
710 1915 834 1971 Collatino,
843 1917 963 1975 obtestata,
972 1931 1003 1964 ne
1011 1918 1083 1966 inulta
1121 1925 1125 1978 f

149 1977 632 2087 tlltiitlilllitllt'tlli
659 1972 1081 2088 ltul‘l‘lliiltlltti’l·

149 2054 298 2215 ιιιιὺηέἑὲἓαίί
306 2055 502 2211 surrog'1125.llu11i5130⁷
511 2055 597 2225 {trucis
615 2053 679 2150 eth.
690 2054 828 2164 inmutata}
839 2102 974 2152 Collatinus.
1009 2056 1081 2163 [apri.

172 2189 203 2200 ““
294 2176 357 2212 Aeco
421 2189 452 2200 “““
503 2197 509 2210 u

143 2346 148 2380 ι
195 2384 200 2393 ι
