2638 4206
132 310 187 369 148
514 309 582 360 nn
598 311 680 361 mvn

129 450 160 509 in
173 451 275 524 medio,
288 469 412 528 oampns,
428 452 558 510 herbidus
572 469 752 528 aquosusque,
774 469 823 526 per
843 469 923 525 quem
938 447 1063 506 medium

129 528 182 588 iter
195 539 245 588 est.
286 531 342 586 Sed
356 532 430 602 ante,
444 531 524 605 quarn
539 532 632 587 venias
656 531 690 587 ad
714 549 788 595 eum,
812 525 947 586 intrandae
967 527 1064 602 primae

130 607 264 682 angustia
278 615 360 677 sunt3
381 619 409 665 et
422 621 469 666 aut
482 611 589 674 eadem,
613 609 667 683 qud
687 619 714 664 te
729 607 920 672 insinuaveris,
935 618 1007 662 retro
1021 605 1065 662 via

101 685 102 692 ’
129 687 299 759 repetende3
320 698 376 753 aut,
391 687 414 743 si
428 687 467 743 ire
481 707 560 762 porro
574 706 680 762 pergas,
695 705 743 761 per
763 685 847 740 alium
869 685 968 740 saltum
983 683 1065 739 arnti-

128 780 205 820 orem
229 763 484 839 impeditioremque
505 765 686 821 evadendum.
728 764 762 820 In
782 781 846 818 eum
870 777 1002 836 eampum·
1020 761 1098 817 ride

129 839 182 896 alia
195 859 254 915 per
273 859 369 898 navam
393 861 490 917 rupem
504 844 635 913 Romani,
658 843 777 898 demisso
790 841 911 916 agmine,
925 859 1008 913 quum
1030 835 1065 894 ad

130 917 198 975 adias
211 921 354 994 angustias
366 923 490 996 protinus
512 932 668 996 pergerent,
692 931 786 994 septas
803 921 912 994 dejectu
927 919 1064 984 arborum,

129 1015 311 1071 saxorumque
325 999 480 1074 ingentium
493 1000 667 1074 objacentem
682 999 780 1054 molem
796 997 934 1052 invenire.
967 995 1066 1056 Quum

47 1097 53 1110 1
129 1073 206 1130 fraus
219 1075 325 1132 hostilis
343 1079 522 1150 apparuisset,
536 1078 692 1152 praesidium
717 1077 799 1132 etiam
824 1075 852 1130 in
876 1093 982 1130 summo
996 1074 1067 1128 saltu

130 1153 309 1227 conspicitur.
351 1155 436 1211 Citati
450 1155 517 1211 inde
535 1165 617 1225 retro,
632 1157 686 1228 qud
705 1163 846 1223 venerant,
861 1163 978 1232 pergunt
991 1164 1100 1226 repe-10

130 1240 189 1286 tere
203 1231 291 1286 viam:
322 1251 383 1289 eam
397 1253 504 1307 quoque
519 1233 641 1289 clausam
655 1233 705 1288 suri
719 1231 798 1288 obice
812 1231 948 1304 armisque
962 1229 1069 1285 inveni·

131 1317 190 1366 unt.
232 1309 340 1367 Sistunt
354 1311 418 1367 inde
432 1312 548 1386 gradum
571 1311 630 1366 sine
651 1311 732 1370 ullius
755 1310 887 1384 imperio:
922 1317 1068 1382 stuporque

130 1387 256 1444 omnium
270 1389 385 1458 animos,
410 1409 443 1445 ao
466 1390 540 1446 velut
560 1399 651 1462 torpor
671 1388 783 1462 quidam
808 1387 933 1443 insolitus
946 1386 1069 1442 membra

131 1472 224 1522 tenet:
246 1465 440 1540 intuentesque
454 1467 500 1523 alii
519 1468 587 1523 alios
610 1468 706 1539 (quum
728 1465 843 1522 alterum
867 1465 980 1538 quisque
996 1481 1069 1519 oom-

131 1553 225 1616 potem
246 1545 334 1619 magis
356 1546 456 1601 mentis
485 1565 518 1601 ae
539 1544 647 1601 consilii
668 1544 815 1620 ducerent)
847 1543 895 1597 diu
916 1541 1102 1598 immobilestt

132 1619 223 1677 silent.
264 1623 375 1680 Deinde
390 1624 436 1679 ubi
450 1624 576 1698 praetoria
590 1622 734 1678 consulum
755 1621 824 1694 erigi
848 1621 949 1688 ridere,
977 1632 1005 1676 et
1025 1639 1071 1674 ex·

131 1699 228 1778 pedire
241 1702 374 1773 quosdam
389 1701 467 1756 utilia
480 1701 565 1774 operi,
579 1719 744 1773 quamquam
768 1698 887 1754 ludibrio
909 1699 966 1754 fore
981 1698 1071 1753 muni-

131 1785 221 1848 enteS,
235 1778 349 1851 perditis
362 1779 446 1833 rebus
459 1797 492 1834 ao
507 1797 554 1852 spe
572 1779 647 1833 omni
670 1777 807 1850 adempti,
830 1777 1001 1844 cernebant3
1032 1785 1074 1831 ta-

132 1871 208 1925 men,
223 1873 258 1910 ne
269 1855 378 1930 culpam
393 1855 472 1913 malis
486 1854 628 1924 adderent,
643 1875 691 1929 pro
705 1874 734 1911 se
748 1855 872 1928 quisque,
897 1873 949 1910 neo
964 1855 1073 1910 hortan-

133 1941 161 1986 te
176 1932 232 1990 ulio
244 1953 298 1990 neo
320 1935 482 2008 imperante,
506 1935 543 1990 ad
560 1934 742 1989 muniendum
757 1934 835 2001 versi,
861 1943 950 1988 eastra
964 1943 1104 2006 propterea

134 2027 232 2082 aquam
248 2012 318 2069 valio
332 2013 525 2082 circumdant3
549 2032 599 2068 sua
614 2011 665 2086 ipsi
678 2030 762 2084 opera
775 2011 951 2084 laboremque
966 2011 1072 2066 irritum

135 2084 331 2162 (preterquam
345 2090 419 2164 qubd
433 2091 526 2147 hostes
540 2090 658 2165 superbe
674 2089 868 2166 increpabant)
883 2108 946 2144 oum
962 2089 1074 2144 misera·

134 2163 182 2220 bili
197 2169 372 2225 confessione
385 2168 539 2226 eludentes.
580 2169 626 2224 Ad
651 2167 779 2224 consules
800 2178 920 2233 moestos,
943 2185 978 2222 ne
993 2167 1074 2222 advo·

134 2255 231 2300 cantes
244 2246 356 2321 quidem
370 2247 399 2303 in
413 2247 561 2304 consilium
587 2246 710 2324 (quando
724 2265 777 2302 neo
801 2245 917 2301 oonsilio
931 2264 984 2302 nee
999 2244 1075 2301 auxi·

134 2319 172 2377 lio
186 2323 265 2380 iocus
283 2327 379 2404 esset),
408 2326 458 2382 sud
481 2335 578 2402 sponte
601 2326 684 2401 legati
709 2343 742 2380 ao
765 2319 1052 2380 tribuni'oonveniunt
1066 2337 1107 2378 :as

134 2399 291 2476 militesque
312 2405 346 2459 ad
369 2405 527 2478 praetorium
547 2404 627 2473 versi,
641 2421 731 2476 opem,
746 2421 828 2475 quarn
842 2402 889 2458 vix
903 2400 950 2456 Dii
964 2401 1075 2458 immor·

134 2477 205 2533 tales
218 2480 288 2536 ferre
301 2492 437 2554 poterant,
452 2483 487 2537 ab
494 2482 617 2538 'ducibus
630 2489 791 2554 exposcunt.

175 2632 231 2691 ΙΙΙ.
251 2636 413 2697 Querentes
426 2639 525 2712 magis,
539 2639 621 2712 quim
635 2637 834 2709 consultantes
853 2657 909 2694 nort
923 2635 1075 2713 oppressit:

135 2727 221 2784 quum
244 2733 293 2789 pro
314 2716 427 2791 ingenio
446 2717 561 2790 quisque
589 2717 756 2773 fremerent:
790 2717 860 2772 alius
885 2719 962 2790 “per
982 2715 1076 2772 obices

136 2791 314 2864 “viarum”
335 2795 414 2866 aliua,
435 2799 513 2869 “per
527 2795 642 2851 adversa
663 2794 807 2861 montium,
834 2813 882 2870 per
906 2795 995 2862 silvas,
1023 2793 1109 2866 qudua

136 2869 155 2904 “
165 2870 229 2928 ferri
244 2892 320 2930 arma
332 2883 470 2948 poterunt,
494 2892 598 2930 eamus.
640 2872 726 2929 Madd
746 2875 780 2929 ad
804 2875 910 2930 hostem
933 2871 1078 2946 pervenire

137 2947 157 2982 “
165 2949 257 3022 liceat,
271 2971 354 3026 quem
367 2971 416 3026 per
430 2970 519 3008 annos
527 2953 585 3027 jam
605 2951 690 3026 propd
704 2952 817 3026 triginta
832 2951 985 3016 vincimus3
1019 2967 1078 3004 om·

138 3027 213 3083 “nia
227 3047 304 3103 aequa
318 3041 346 3086 et
358 3031 441 3105 plana
459 3041 539 3087 erunt
562 3031 700 3094 Romane,
723 3030 751 3086 in
773 3029 910 3104 perfidum·
922 3025 1077 3082 Samnitem

138 3105 345 3180 “pugnanti:'’
368 3109 446 3176 alius,
468 3107 578 3176 “Quin
613 3120 660 3164 aut
679 3110 732 3181 qui
753 3109 869 3163 eamus?
910 3104 986 3160 Num
1001 3122 1078 3159 mon·

138 3185 208 3240 “tes
229 3183 318 3241 moliri
344 3187 410 3242 sede
434 3189 484 3243 sud
504 3187 655 3261 paramus?
708 3185 782 3241 Dum
809 3185 869 3240 haeo
893 3182 1112 3238 imminebuntat

139 3263 159 3298 “
168 3262 244 3338 juga,
258 3263 314 3336 qui
326 3273 357 3319 tu
371 3265 404 3320 ad
420 3266 526 3321 hostem
541 3263 659 3320 veniesi
697 3263 815 3332 Armati,
838 3262 967 3328 inermes,
986 3261 1077 3330 fortes,

140 3341 271 3418 “ignavi,
285 3341 386 3416 pariter
399 3361 496 3399 omnes
510 3344 583 3418 eapti
598 3353 679 3416 atque
693 3342 757 3398 vieti
772 3359 874 3397 sumus.
915 3339 960 3394 Ne
975 3339 1080 3395 serrum

141 3421 282 3494 “quidem
296 3419 330 3476 ad
344 3419 416 3476 bene
439 3421 614 3478 moriendum
637 3420 779 3478 oblaturus
792 3429 835 3475 est
848 3418 932 3475 hostis
943 3435 952 3472 :·
980 3417 1080 3474 sedens

142 3499 273 3556 “beilum
300 3497 457 3555 conficiet.”
512 3499 565 3556 His
585 3499 705 3556 invicem
726 3497 907 3566 sermonibus,
934 3495 989 3570 quai
1015 3495 1080 3566 eibi,

143 3577 199 3654 qud
218 3577 319 3649 quietis
344 3577 496 3648 immemor,
518 3597 573 3634 nox
592 3579 720 3634 traducta
745 3587 796 3634 est.
843 3573 887 3631 Ne
909 3573 1081 3631 Samnitibus
1090 3589 1115 3630 ru

109 3713 114 3722 ,
145 3654 258 3731 quidem
281 3653 428 3712 eonsilium
452 3656 480 3712 in
501 3670 557 3712 tam
581 3655 651 3712 laris
671 3656 834 3730 suppetebat
856 3653 957 3710 rebus:
991 3653 1082 3727 itaque

147 3731 268 3792 universi
283 3732 458 3790 Herennium
469 3733 607 3806 Pontium,
630 3745 736 3810 patrem
758 3731 938 3808 imperatoris,
959 3749 1007 3808 per
1024 3731 1083 3786 tite-

6 3781 8 3855 r
