2638 4206
174 329 230 390 iae
566 327 634 378 nar
649 327 731 378 mvn

172 471 249 540 ratis,
264 479 455 547 exsequentes.
494 469 612 528 Flamen
632 469 743 528 interim
756 468 911 532 Quirinalia
932 469 1108 546 virginesque

173 549 311 617 Vestales,
325 550 426 608 omisst
439 567 531 607 rerum
545 567 657 606 suarum
678 551 754 619 curt,
774 567 836 622 que
858 567 1000 606 sacrorum
1012 567 1110 608 wan

173 627 372 702 ferendaque
395 625 473 703 (quia
485 626 557 683 vires
579 626 614 682 ad
631 625 726 684 omnia
748 625 862 683 serenda
878 627 1007 703 deerant)
1028 626 1111 685 relta-

172 705 284 780 queuda
296 715 399 777 essent,
413 705 611 775 consultantes,
624 704 719 778 quisve
732 723 765 762 ea
778 703 857 760 locus
870 704 944 760 fideli
958 715 1111 762 asservans«

172 801 221 839 rus
241 783 368 840 custodid
380 793 469 852 esset3
490 782 625 858 optimum
638 783 755 847 ducunt,
770 782 923 838 conditam
944 781 1052 838 doliolis
1065 801 1108 839 sa·
1128 799 1143 839 s

172 861 244 918 cello
256 861 381 936 proximo
404 861 509 917 aedibus
532 859 651 919 flaminis
663 859 819 920 Quirinalis
841 859 901 937 (ubi
914 877 991 916 nunc
1009 859 1110 935 despui

172 937 271 1014 religio
283 937 340 1018 est)
354 939 503 996 defodere:
533 949 643 1004 caetera,
664 937 735 994 inter
754 956 785 994 se
798 957 882 994 onere
895 939 1004 1012 partito,
1019 937 1110 996 lerunt

172 1015 227 1082 vit,
242 1036 303 1092 quae
316 1016 434 1073 sublicio
446 1009 530 1090 ponte
544 1016 622 1072 ducit
635 1016 670 1072 ad
684 1014 853 1074 laniculum.
887 1015 921 1072 In
932 1035 966 1072 eo
979 1015 1050 1072 clivo
1062 1033 1111 1072 eas

172 1113 257 1168 quum
279 1095 311 1151 L.
333 1094 473 1166 Albinius
494 1095 530 1150 de
553 1093 633 1167 plebe
656 1094 787 1150 Romania
801 1093 893 1166 homo,
913 1093 1112 1166 conspexisset,

166 1171 297 1246 »plaustro
317 1173 466 1247 conjugem
490 1191 523 1228 ac
548 1171 649 1228 liberos
678 1173 783 1228 vehens
809 1171 881 1228 inter
909 1182 1037 1228 ceteram
1057 1181 1146 1228 tur-ro

174 1249 249 1317 bam,
277 1269 348 1324 quae,
376 1250 482 1306 inutilis
508 1249 588 1319 bello,
623 1248 692 1305 urbe
724 1249 893 1318 excedebat;
927 1249 1001 1305 salvo
1028 1249 1113 1306 etiarn

164 1335 234 1384 tum
255 1328 416 1384 discrimine
447 1327 602 1384 divinarum
633 1327 871 1400 humanarumque
898 1345 1000 1397 rerum,
1028 1327 1113 1384 irreli-

90 1407 93 1416 '
175 1405 285 1479 giosum
307 1416 391 1470 ratus,
416 1407 574 1462 sacerdotes
593 1403 719 1478 publicos
733 1423 865 1478 sacraque
878 1405 970 1479 populi
991 1404 1113 1462 Romani

175 1483 295 1556 pedibus
309 1483 360 1549 ire,
374 1483 493 1556 ferrique
505 1502 513 1551 3
534 1501 564 1538 se
577 1501 611 1538 ac
625 1499 688 1538 suos
702 1483 730 1538 in
745 1482 872 1538 vehiculo
895 1481 1036 1556 conspici3
1066 1481 1114 1538 de·

175 1563 313 1617 scendere
339 1579 455 1618 uxorem
481 1580 515 1617 ac
542 1579 642 1635 pueros
666 1559 758 1634 jussit,
786 1560 907 1634 virgines
934 1577 1066 1634 sacraque
1084 1559 1149 1616 inte

173 1637 329 1711 plaustrum
349 1638 489 1714 imposuit,
516 1648 545 1695 et
564 1638 653 1708 Cere,
673 1635 727 1710 qud
756 1637 808 1694 iter
838 1639 1028 1695 sacerdotibus
1047 1637 1118 1712 erat,

173 1717 306 1789 pervexit.

214 1863 297 1926 XLIL
323 1869 425 1927 Romae
446 1870 567 1942 interim,
587 1869 655 1926 satis
672 1869 729 1945 jam
748 1870 888 1942 omnibus,
909 1881 940 1928 ut
960 1871 989 1928 in
1008 1871 1056 1928 tali
1075 1889 1115 1940 re,

175 1947 212 2004 ad
232 1949 366 2004 tuendam
387 1967 480 2004 arcem
503 1948 672 2022 compositis,
690 1947 771 2004 turba
791 1948 940 2020 seniorum,
960 1950 1057 2007 domos
1076 1967 1118 2007 re·

177 2043 284 2100 gressa,
307 2027 455 2083 adventum
477 2026 598 2082 hostium
616 2026 755 2082 obstinato
768 2027 802 2081 ad
824 2037 938 2082 mortem
960 2030 1053 2086 animo
1072 2044 1152 2085 err-so

178 2101 332 2176 spectabat.
372 2103 433 2163 Qui
445 2123 542 2161 eorum
556 2103 667 2160 curules
680 2115 824 2178 gesserant
840 2105 1024 2179 magistratus,
1039 2116 1071 2162 ut
1089 2105 1118 2163 in

180 2179 298 2236 fortunae
312 2181 434 2256 pristinae
458 2183 648 2256 honorumque
672 2192 720 2238 aut
740 2182 846 2238 virtutis
866 2182 1021 2256 insignibus
1033 2201 1118 2240 more·

136 2319 138 2324 ,
179 2269 285 2328 rentur,
300 2278 361 2333 quae
375 2259 569 2334 augustissima
584 2260 666 2316 vestis
679 2270 722 2316 est
741 2269 834 2316 tensas
847 2261 1014 2317 ducentibus
1027 2262 1120 2318 trium·

177 2335 373 2410 phantibusve,
394 2340 427 2392 ea
448 2338 538 2412 vestiti
552 2337 645 2394 medio
660 2337 762 2397 edium
776 2338 907 2394 eburneis
926 2338 1000 2394 sellis
1014 2339 1118 2396 sedere.

178 2413 261 2480 Sunt,
275 2415 332 2488 qui,
347 2415 386 2472 M.
401 2414 489 2472 Fabio
501 2414 632 2489 pontifice
646 2415 767 2471 maximo
787 2415 919 2488 praelante
934 2435 1058 2482 carmen,
1072 2417 1153 2472 de-se

177 2492 285 2547 vovisse
305 2511 353 2548 eos
372 2509 402 2546 se
422 2511 471 2565 pro
491 2492 578 2565 pauit
598 2491 813 2566 Quiritibusque
833 2493 979 2565 Romanis,
999 2495 1119 2552 tradant.

179 2567 263 2639 Galli,
276 2569 383 2641 etquis
396 2568 556 2642 interposite
569 2580 652 2628 nocte
666 2589 683 2626 a
696 2571 876 2626 contentione
891 2590 993 2646 pugnae
1007 2571 1120 2628 remise-

179 2655 243 2702 rant
256 2645 373 2712 animos,
387 2656 414 2703 et
428 2646 500 2720 qudd
517 2665 570 2703 nec
594 2647 623 2703 in
647 2647 707 2704 acie
729 2648 843 2722 ancipiti
868 2668 985 2724 usquam
999 2660 1120 2708 certave-

180 2723 362 2798 rantproelio,
377 2743 429 2780 nec
444 2735 501 2780 tum
523 2724 626 2798 impetu
647 2735 695 2781 aut
716 2725 740 2781 vi
761 2725 908 2798 capiebant
930 2727 1036 2798 urbem,
1057 2727 1117 2784 siue

180 2801 231 2872 itt,
245 2801 305 2858 sine
327 2803 423 2858 ardore
447 2802 611 2874 animorum,
631 2802 747 2878 ingressi
761 2813 869 2877 postero
888 2805 935 2862 die
955 2805 1052 2862 urbem
1072 2819 1155 2880 pato

181 2889 258 2937 tente
286 2879 397 2937 colline
420 2881 510 2956 portal,
531 2881 560 2936 in
580 2881 672 2944 sorum
690 2881 862 2954 perveniunt,
893 2881 1122 2940 circumferentes

182 2959 279 3015 oculos
292 2959 327 3014 ad
341 2958 444 3032 templa
457 2957 557 3030 Delum,
572 2977 727 3032 arcemque,
749 2959 834 3016 solam
855 2959 920 3016 belli
939 2960 1061 3033 speciem
1083 2969 1123 3016 te·

184 3046 309 3092 nentem.
350 3035 431 3108 Inde,
445 3036 554 3092 modico
574 3037 672 3092 relicto
684 3037 812 3110 praesidio
829 3037 951 3111 (nequis
965 3037 993 3092 in
1008 3036 1121 3110 dissipa·

184 3121 228 3168 tos
241 3131 277 3167 ex
291 3132 355 3170 arce
369 3125 416 3170 aut
429 3114 566 3188 Capitolio
586 3114 705 3187 impetus
718 3113 819 3192 lieret),
843 3114 940 3188 dilapsi
951 3115 988 3170 ad
1002 3114 1122 3187 predam

185 3189 281 3245 vacuis
293 3209 412 3249 occursu
433 3192 578 3248 hominum
601 3191 660 3260 viis,
674 3210 738 3265 pars
751 3192 780 3248 in
795 3193 917 3266 proxima
929 3209 1045 3266 queque
1064 3201 1158 3248 tecte
1207 3187 1209 3199 '

186 3276 277 3325 torum
291 3268 402 3342 agmine
422 3279 527 3338 ruunt3·
543 3289 606 3345 pars
619 3269 724 3338 ultima,
745 3270 819 3326 velut
838 3287 872 3326 ea
886 3271 998 3326 demum
1019 3269 1125 3326 intacta

188 3355 217 3403 et
229 3345 330 3402 referta
341 3347 444 3420 praedd,
458 3357 571 3421 petunt:
599 3347 665 3404 inde
678 3365 773 3404 rursus
787 3347 846 3422 ipsd
859 3347 1007 3404 solitudine
1020 3347 1125 3404 abster-

188 3423 245 3490 riti,
259 3441 295 3480 ne
308 3441 363 3496 qua
376 3423 449 3480 fraus
463 3424 568 3482 hostilis
590 3443 674 3500 vagos
689 3427 837 3500 exciperet,
852 3426 880 3482 in
901 3425 989 3482 lorum
1009 3443 1045 3482 sc
1063 3439 1125 3500 pro·

189 3502 294 3576 pinqua
307 3501 365 3558 loro
378 3501 439 3558 loca
458 3503 616 3578 conglobati
636 3503 781 3560 redibant:
808 3504 855 3559 ubi
868 3521 926 3574 eos,
939 3503 1028 3578 plebis
1042 3502 1126 3560 aedili·

192 3579 245 3636 elis
270 3578 412 3649 obseratis,
439 3580 597 3654 patentibus
621 3581 698 3637 atriis
729 3581 894 3656 principum,
920 3582 1007 3656 major
1039 3579 1159 3658 propdtn

192 3657 336 3714 cunctatio
356 3655 470 3714 terrebat
486 3669 592 3733 aperta,
620 3656 705 3732 quam
723 3659 828 3730 clausa,
857 3658 1024 3718 invadendi:
1056 3656 1126 3716 adad

192 3732 268 3797 baud
281 3732 458 3812 musonem
481 3736 670 3797 uenerabundi
690 3736 868 3796 intuebantur
881 3737 910 3796 iu
929 3739 1032 3796 edium
1046 3735 1127 3796 vere·
