<?xml version="1.0" encoding="UTF-8"?>
<!DOCTYPE html PUBLIC "-//W3C//DTD XHTML 1.0 Transitional//EN"
    "http://www.w3.org/TR/xhtml1/DTD/xhtml1-transitional.dtd">
<html xmlns="http://www.w3.org/1999/xhtml" xml:lang="en" lang="en">
 <head>
  <title>
</title>
<meta http-equiv="Content-Type" content="text/html;charset=utf-8" />
  <meta name='ocr-system' content='tesseract 3.04.00' />
  <meta name='ocr-capabilities' content='ocr_page ocr_carea ocr_par ocr_line ocrx_word'/>
</head>
<body>
  <div class='ocr_page' id='page_1' title='image "./historiarumetse04livygoog_0069.png"; bbox 0 0 2622 4194; ppageno 0'>
   <div class='ocr_carea' id='block_1_1' title="bbox 170 299 721 414">
    <p class='ocr_par' dir='ltr' id='par_1_1' title="bbox 170 299 721 414">
     <span class='ocr_line' id='line_1_1' title="bbox 170 299 721 414; baseline -0.018 -6"><span class='ocrx_word' id='word_1_1' title='bbox 170 341 213 408; x_wconf 64' lang='grc' dir='ltr'><strong>’ὣ</strong></span> <span class='ocrx_word' id='word_1_2' title='bbox 321 299 325 304; x_wconf 40' lang='grc'><strong>’</strong></span> <span class='ocrx_word' id='word_1_3' title='bbox 555 339 721 414; x_wconf 76' lang='lat' dir='ltr'><strong>tunnrrn</strong></span> 
     </span>
    </p>
   </div>
   <div class='ocr_carea' id='block_1_2' title="bbox 110 487 1136 2346">
    <p class='ocr_par' dir='ltr' id='par_1_2' title="bbox 110 487 1136 1270">
     <span class='ocr_line' id='line_1_2' title="bbox 172 487 1103 570; baseline 0.003 -22"><span class='ocrx_word' id='word_1_4' title='bbox 172 494 280 548; x_wconf 62' lang='lat' dir='ltr'><strong>mntem</strong></span> <span class='ocrx_word' id='word_1_5' title='bbox 294 505 324 548; x_wconf 82' lang='lat' dir='ltr'><strong>se</strong></span> <span class='ocrx_word' id='word_1_6' title='bbox 337 505 398 548; x_wconf 83' lang='lat' dir='ltr'><strong>esse</strong></span> <span class='ocrx_word' id='word_1_7' title='bbox 420 489 569 562; x_wconf 71' lang='lat' dir='ltr'><strong>simularet,</strong></span> <span class='ocrx_word' id='word_1_8' title='bbox 594 487 704 564; x_wconf 78' lang='lat' dir='ltr'>Sextus,</span> <span class='ocrx_word' id='word_1_9' title='bbox 726 490 800 552; x_wconf 85' lang='lat' dir='ltr'><strong>illius</strong></span> <span class='ocrx_word' id='word_1_10' title='bbox 820 491 889 570; x_wconf 81' lang='lat' dir='ltr'><strong>ejus,</strong></span> <span class='ocrx_word' id='word_1_11' title='bbox 911 491 958 568; x_wconf 88' lang='lat' dir='ltr'><strong>qul</strong></span> <span class='ocrx_word' id='word_1_12' title='bbox 971 491 1103 559; x_wconf 74' lang='lat' dir='ltr'><strong>minitrn‘r‘a</strong></span> 
     </span>
     <span class='ocr_line' id='line_1_3' title="bbox 171 568 1103 648; baseline 0.006 -24"><span class='ocrx_word' id='word_1_13' title='bbox 171 583 210 624; x_wconf 79' lang='lat' dir='ltr'><strong>sn</strong></span> <span class='ocrx_word' id='word_1_14' title='bbox 221 568 308 626; x_wconf 89' lang='lat' dir='ltr'><strong>tribus</strong></span> <span class='ocrx_word' id='word_1_15' title='bbox 321 579 388 635; x_wconf 86' lang='lat' dir='ltr'><strong>erat,</strong></span> <span class='ocrx_word' id='word_1_16' title='bbox 403 569 548 646; x_wconf 80' lang='lat' dir='ltr'>transfugit</span> <span class='ocrx_word' id='word_1_17' title='bbox 571 588 606 626; x_wconf 85' lang='lat' dir='ltr'><strong>ex</strong></span> <span class='ocrx_word' id='word_1_18' title='bbox 629 569 779 648; x_wconf 87' lang='lat' dir='ltr'><strong>composito</strong></span> <span class='ocrx_word' id='word_1_19' title='bbox 802 568 914 638; x_wconf 78' lang='lat' dir='ltr'>Gabios,</span> <span class='ocrx_word' id='word_1_20' title='bbox 935 571 1019 648; x_wconf 86' lang='lat' dir='ltr'><strong>patris</strong></span> <span class='ocrx_word' id='word_1_21' title='bbox 1031 571 1059 630; x_wconf 89' lang='lat' dir='ltr'><strong>in</strong></span> <span class='ocrx_word' id='word_1_22' title='bbox 1073 591 1103 635; x_wconf 86' lang='lat' dir='ltr'><strong>ss</strong></span> 
     </span>
     <span class='ocr_line' id='line_1_4' title="bbox 172 645 1103 722; baseline 0.009 -22"><span class='ocrx_word' id='word_1_23' title='bbox 172 645 304 703; x_wconf 74' lang='lat' dir='ltr'><strong>saevitiam</strong></span> <span class='ocrx_word' id='word_1_24' title='bbox 327 645 526 704; x_wconf 74' lang='lat' dir='ltr'><strong>intolerabilem</strong></span> <span class='ocrx_word' id='word_1_25' title='bbox 550 659 740 722; x_wconf 87' lang='lat' dir='ltr'><strong>conquerens;</strong></span> <span class='ocrx_word' id='word_1_26' title='bbox 780 647 871 706; x_wconf 79' lang='lat' dir='ltr'><strong>“lam</strong></span> <span class='ocrx_word' id='word_1_27' title='bbox 894 649 929 714; x_wconf 84' lang='lat' dir='ltr'><strong>ab</strong></span> <span class='ocrx_word' id='word_1_28' title='bbox 955 649 1053 706; x_wconf 84' lang='lat' dir='ltr'><strong>alienis</strong></span> <span class='ocrx_word' id='word_1_29' title='bbox 1072 650 1103 708; x_wconf 80' lang='lat' dir='ltr'><strong>iit</strong></span> 
     </span>
     <span class='ocr_line' id='line_1_5' title="bbox 172 723 1104 818; baseline 0.006 -40"><span class='ocrx_word' id='word_1_30' title='bbox 172 723 266 780; x_wconf 83' lang='lat' dir='ltr'><strong>“suos</strong></span> <span class='ocrx_word' id='word_1_31' title='bbox 286 725 398 787; x_wconf 81' lang='lat' dir='ltr'><strong>vertisse</strong></span> <span class='ocrx_word' id='word_1_32' title='bbox 419 725 590 800; x_wconf 78' lang='lat' dir='ltr'><strong>superbiam3</strong></span> <span class='ocrx_word' id='word_1_33' title='bbox 618 725 815 784; x_wconf 80' lang='lat' dir='ltr'><strong>et&#39;liberorurn</strong></span> <span class='ocrx_word' id='word_1_34' title='bbox 837 745 944 818; x_wconf 85' lang='lat' dir='ltr'><strong>quoque</strong></span> <span class='ocrx_word' id='word_1_35' title='bbox 965 745 1030 784; x_wconf 86' lang='lat' dir='ltr'><strong>eum</strong></span> <span class='ocrx_word' id='word_1_36' title='bbox 1050 727 1104 784; x_wconf 82' lang='lat' dir='ltr'><strong>fre·</strong></span> 
     </span>
     <span class='ocr_line' id='line_1_6' title="bbox 173 798 1136 878; baseline 0.002 -18"><span class='ocrx_word' id='word_1_37' title='bbox 173 798 324 876; x_wconf 67' lang='lat' dir='ltr'><strong>“quentis</strong></span> <span class='ocrx_word' id='word_1_38' title='bbox 336 804 455 872; x_wconf 77' lang='lat' dir='ltr'><strong>tadere;</strong></span> <span class='ocrx_word' id='word_1_39' title='bbox 486 813 525 871; x_wconf 87' lang='lat' dir='ltr'><strong>ut,</strong></span> <span class='ocrx_word' id='word_1_40' title='bbox 548 821 630 878; x_wconf 88' lang='lat' dir='ltr'><strong>quum</strong></span> <span class='ocrx_word' id='word_1_41' title='bbox 654 804 682 862; x_wconf 89' lang='lat' dir='ltr'><strong>in</strong></span> <span class='ocrx_word' id='word_1_42' title='bbox 703 804 780 861; x_wconf 73' lang='lat' dir='ltr'><strong>curia</strong></span> <span class='ocrx_word' id='word_1_43' title='bbox 797 803 974 867; x_wconf 75' lang='lat' dir='ltr'><strong>solitudinem</strong></span> <span class='ocrx_word' id='word_1_44' title='bbox 996 803 1136 872; x_wconf 53' lang='lat' dir='ltr'><strong>iecerint</strong></span> 
     </span>
     <span class='ocr_line' id='line_1_7' title="bbox 170 879 1103 958; baseline 0.004 -22"><span class='ocrx_word' id='word_1_45' title='bbox 170 880 191 916; x_wconf 85' lang='lat'><strong><em>“</em></strong></span> <span class='ocrx_word' id='word_1_46' title='bbox 202 881 277 938; x_wconf 92' lang='lat' dir='ltr'><strong>domi</strong></span> <span class='ocrx_word' id='word_1_47' title='bbox 289 899 397 956; x_wconf 86' lang='lat' dir='ltr'><strong>quoque</strong></span> <span class='ocrx_word' id='word_1_48' title='bbox 410 879 508 950; x_wconf 80' lang='lat' dir='ltr'><strong>laciat3</strong></span> <span class='ocrx_word' id='word_1_49' title='bbox 533 901 569 938; x_wconf 89' lang='lat' dir='ltr'><strong>ne</strong></span> <span class='ocrx_word' id='word_1_50' title='bbox 582 899 663 956; x_wconf 83' lang='lat' dir='ltr'><strong>quarn</strong></span> <span class='ocrx_word' id='word_1_51' title='bbox 687 883 809 957; x_wconf 83' lang='lat' dir='ltr'><strong>stirpem,</strong></span> <span class='ocrx_word' id='word_1_52' title='bbox 823 901 859 939; x_wconf 84' lang='lat' dir='ltr'><strong>ne</strong></span> <span class='ocrx_word' id='word_1_53' title='bbox 870 899 950 958; x_wconf 88' lang='lat' dir='ltr'><strong>quern</strong></span> <span class='ocrx_word' id='word_1_54' title='bbox 965 883 1103 940; x_wconf 83' lang='lat' dir='ltr'><strong>haeredem</strong></span> 
     </span>
     <span class='ocr_line' id='line_1_8' title="bbox 170 959 1104 1037; baseline 0.004 -23"><span class='ocrx_word' id='word_1_55' title='bbox 170 959 279 1034; x_wconf 84' lang='lat' dir='ltr'><strong>“regni</strong></span> <span class='ocrx_word' id='word_1_56' title='bbox 292 959 435 1034; x_wconf 87' lang='lat' dir='ltr'><strong>relinquat.</strong></span> <span class='ocrx_word' id='word_1_57' title='bbox 477 961 513 1015; x_wconf 85' lang='lat' dir='ltr'><strong>Se</strong></span> <span class='ocrx_word' id='word_1_58' title='bbox 536 961 657 1033; x_wconf 86' lang='lat' dir='ltr'><strong>quidem,</strong></span> <span class='ocrx_word' id='word_1_59' title='bbox 684 961 755 1017; x_wconf 88' lang='lat' dir='ltr'><strong>inter</strong></span> <span class='ocrx_word' id='word_1_60' title='bbox 778 961 832 1016; x_wconf 90' lang='lat' dir='ltr'><strong>tela</strong></span> <span class='ocrx_word' id='word_1_61' title='bbox 852 971 881 1018; x_wconf 90' lang='lat' dir='ltr'><strong>et</strong></span> <span class='ocrx_word' id='word_1_62' title='bbox 900 959 1006 1035; x_wconf 83' lang='lat' dir='ltr'><strong>gladios</strong></span> <span class='ocrx_word' id='word_1_63' title='bbox 1019 960 1104 1037; x_wconf 85' lang='lat' dir='ltr'><strong>patris</strong></span> 
     </span>
     <span class='ocr_line' id='line_1_9' title="bbox 172 1037 1103 1115; baseline 0.004 -23"><span class='ocrx_word' id='word_1_64' title='bbox 172 1037 337 1111; x_wconf 85' lang='lat' dir='ltr'><strong>“elapsum,</strong></span> <span class='ocrx_word' id='word_1_65' title='bbox 361 1037 430 1094; x_wconf 87' lang='lat' dir='ltr'><strong>nihil</strong></span> <span class='ocrx_word' id='word_1_66' title='bbox 451 1055 567 1110; x_wconf 88' lang='lat' dir='ltr'><strong>usquam</strong></span> <span class='ocrx_word' id='word_1_67' title='bbox 588 1038 640 1096; x_wconf 88' lang='lat' dir='ltr'><strong>sibi</strong></span> <span class='ocrx_word' id='word_1_68' title='bbox 659 1049 759 1106; x_wconf 91' lang='lat' dir='ltr'><strong>tutum,</strong></span> <span class='ocrx_word' id='word_1_69' title='bbox 786 1037 840 1098; x_wconf 89' lang='lat' dir='ltr'><strong>nisi</strong></span> <span class='ocrx_word' id='word_1_70' title='bbox 863 1039 935 1115; x_wconf 90' lang='lat' dir='ltr'><strong>apud</strong></span> <span class='ocrx_word' id='word_1_71' title='bbox 957 1037 1049 1095; x_wconf 87' lang='lat' dir='ltr'><strong>hostes</strong></span> <span class='ocrx_word' id='word_1_72' title='bbox 1070 1038 1103 1096; x_wconf 74' lang='lat' dir='ltr'><strong>L·</strong></span> 
     </span>
     <span class='ocr_line' id='line_1_10' title="bbox 170 1114 1103 1193; baseline 0.002 -23"><span class='ocrx_word' id='word_1_73' title='bbox 170 1115 190 1150; x_wconf 81' lang='lat'><strong><em>“</em></strong></span> <span class='ocrx_word' id='word_1_74' title='bbox 202 1114 359 1190; x_wconf 82' lang='lat' dir='ltr'><strong>Tarquinii,</strong></span> <span class='ocrx_word' id='word_1_75' title='bbox 383 1115 543 1174; x_wconf 81' lang='lat' dir='ltr'><strong>credidisse.</strong></span> <span class='ocrx_word' id='word_1_76' title='bbox 593 1115 677 1181; x_wconf 81' lang='lat' dir='ltr'><strong>Nara,</strong></span> <span class='ocrx_word' id='word_1_77' title='bbox 704 1131 740 1173; x_wconf 85' lang='lat' dir='ltr'><strong>na</strong></span> <span class='ocrx_word' id='word_1_78' title='bbox 766 1127 897 1193; x_wconf 80' lang='lat' dir='ltr'><strong>errarent,</strong></span> <span class='ocrx_word' id='word_1_79' title='bbox 924 1134 1036 1173; x_wconf 88' lang='lat' dir='ltr'><strong>manere</strong></span> <span class='ocrx_word' id='word_1_80' title='bbox 1060 1117 1103 1174; x_wconf 86' lang='lat' dir='ltr'><strong>his</strong></span> 
     </span>
     <span class='ocr_line' id='line_1_11' title="bbox 110 1191 1136 1270; baseline 0.002 -22"><span class='ocrx_word' id='word_1_81' title='bbox 110 1261 115 1268; x_wconf 91' lang='lat'>.</span> <span class='ocrx_word' id='word_1_82' title='bbox 170 1195 191 1229; x_wconf 83' lang='lat'><strong>“</strong></span> <span class='ocrx_word' id='word_1_83' title='bbox 201 1193 313 1265; x_wconf 87' lang='lat' dir='ltr'><strong>bellurn,</strong></span> <span class='ocrx_word' id='word_1_84' title='bbox 326 1193 398 1267; x_wconf 90' lang='lat' dir='ltr'><strong>quod</strong></span> <span class='ocrx_word' id='word_1_85' title='bbox 412 1191 532 1268; x_wconf 90' lang='lat' dir='ltr'><strong>positum</strong></span> <span class='ocrx_word' id='word_1_86' title='bbox 545 1191 703 1263; x_wconf 83' lang='lat' dir='ltr'><strong>simuletur3</strong></span> <span class='ocrx_word' id='word_1_87' title='bbox 731 1204 759 1254; x_wconf 93' lang='lat' dir='ltr'><strong>et</strong></span> <span class='ocrx_word' id='word_1_88' title='bbox 781 1213 829 1270; x_wconf 88' lang='lat' dir='ltr'><strong>per</strong></span> <span class='ocrx_word' id='word_1_89' title='bbox 848 1193 1024 1251; x_wconf 82' lang='lat' dir='ltr'><strong>occasionem</strong></span> <span class='ocrx_word' id='word_1_90' title='bbox 1037 1212 1101 1250; x_wconf 90' lang='lat' dir='ltr'><strong>eum</strong></span> <span class='ocrx_word' id='word_1_91' title='bbox 1111 1211 1136 1250; x_wconf 86' lang='grc' dir='ltr'><strong>ιο</strong></span> 
     </span>
    </p>

    <p class='ocr_par' dir='ltr' id='par_1_3' title="bbox 145 1270 1102 1350">
     <span class='ocr_line' id='line_1_12' title="bbox 145 1270 1102 1350; baseline 0.004 -24"><span class='ocrx_word' id='word_1_92' title='bbox 145 1323 148 1342; x_wconf 24' lang='grc'><em>3</em></span> <span class='ocrx_word' id='word_1_93' title='bbox 169 1270 327 1327; x_wconf 83' lang='lat' dir='ltr'><strong>“incautos</strong></span> <span class='ocrx_word' id='word_1_94' title='bbox 340 1270 507 1327; x_wconf 87' lang='lat' dir='ltr'><strong>invasurum.</strong></span> <span class='ocrx_word' id='word_1_95' title='bbox 547 1270 633 1332; x_wconf 80' lang='lat' dir='ltr'><strong>Qudd</strong></span> <span class='ocrx_word' id='word_1_96' title='bbox 647 1271 670 1328; x_wconf 91' lang='lat' dir='ltr'><strong>si</strong></span> <span class='ocrx_word' id='word_1_97' title='bbox 694 1273 766 1347; x_wconf 90' lang='lat' dir='ltr'><strong>apud</strong></span> <span class='ocrx_word' id='word_1_98' title='bbox 782 1292 829 1330; x_wconf 89' lang='lat' dir='ltr'><strong>eos</strong></span> <span class='ocrx_word' id='word_1_99' title='bbox 843 1272 1012 1350; x_wconf 87' lang='lat' dir='ltr'><strong>supplicibus</strong></span> <span class='ocrx_word' id='word_1_100' title='bbox 1024 1272 1102 1330; x_wconf 87' lang='lat' dir='ltr'><strong>locus</strong></span> 
     </span>
    </p>

    <p class='ocr_par' dir='ltr' id='par_1_4' title="bbox 143 1348 1101 1424">
     <span class='ocr_line' id='line_1_13' title="bbox 143 1348 1101 1424; baseline 0 -18"><span class='ocrx_word' id='word_1_101' title='bbox 143 1368 149 1406; x_wconf 67' lang='lat' dir='ltr'><strong>t</strong></span> <span class='ocrx_word' id='word_1_102' title='bbox 172 1351 257 1405; x_wconf 84' lang='lat' dir='ltr'><strong>“non</strong></span> <span class='ocrx_word' id='word_1_103' title='bbox 280 1348 324 1418; x_wconf 89' lang='lat' dir='ltr'><strong>sit,</strong></span> <span class='ocrx_word' id='word_1_104' title='bbox 347 1359 547 1422; x_wconf 86' lang='lat' dir='ltr'><strong>pererraturum</strong></span> <span class='ocrx_word' id='word_1_105' title='bbox 567 1367 596 1405; x_wconf 89' lang='lat' dir='ltr'><strong>se</strong></span> <span class='ocrx_word' id='word_1_106' title='bbox 618 1365 700 1406; x_wconf 89' lang='lat' dir='ltr'><strong>omne</strong></span> <span class='ocrx_word' id='word_1_107' title='bbox 721 1349 849 1408; x_wconf 87' lang='lat' dir='ltr'><strong>Latium:</strong></span> <span class='ocrx_word' id='word_1_108' title='bbox 880 1351 1050 1424; x_wconf 88' lang='lat' dir='ltr'><strong>Volscosque</strong></span> <span class='ocrx_word' id='word_1_109' title='bbox 1071 1368 1101 1406; x_wconf 90' lang='lat' dir='ltr'><strong>se</strong></span> 
     </span>
    </p>

    <p class='ocr_par' dir='ltr' id='par_1_5' title="bbox 143 1425 1101 1502">
     <span class='ocr_line' id='line_1_14' title="bbox 143 1425 1101 1502; baseline 0.005 -23"><span class='ocrx_word' id='word_1_110' title='bbox 143 1457 148 1479; x_wconf 73' lang='lat'><strong>,·</strong></span> <span class='ocrx_word' id='word_1_111' title='bbox 171 1427 276 1498; x_wconf 62' lang='lat' dir='ltr'><strong>“inde</strong></span> <span class='ocrx_word' id='word_1_112' title='bbox 300 1439 327 1482; x_wconf 87' lang='lat' dir='ltr'><strong>et</strong></span> <span class='ocrx_word' id='word_1_113' title='bbox 349 1425 463 1500; x_wconf 87' lang='lat' dir='ltr'><strong>AEquos‚</strong></span> <span class='ocrx_word' id='word_1_114' title='bbox 487 1437 515 1483; x_wconf 85' lang='lat' dir='ltr'><strong>et</strong></span> <span class='ocrx_word' id='word_1_115' title='bbox 538 1427 677 1484; x_wconf 82' lang='lat' dir='ltr'><strong>Hernicos</strong></span> <span class='ocrx_word' id='word_1_116' title='bbox 698 1425 866 1502; x_wconf 68' lang='lat' dir='ltr'><strong>petiturum</strong></span> <span class='ocrx_word' id='word_1_117' title='bbox 898 1429 987 1485; x_wconf 89' lang='lat' dir='ltr'><strong>donec</strong></span> <span class='ocrx_word' id='word_1_118' title='bbox 1005 1427 1039 1484; x_wconf 88' lang='lat' dir='ltr'><strong>ad</strong></span> <span class='ocrx_word' id='word_1_119' title='bbox 1054 1445 1101 1484; x_wconf 87' lang='lat' dir='ltr'><strong>eos</strong></span> 
     </span>
    </p>

    <p class='ocr_par' dir='ltr' id='par_1_6' title="bbox 141 1490 1102 1580">
     <span class='ocr_line' id='line_1_15' title="bbox 141 1490 1102 1580; baseline -0.001 -19"><span class='ocrx_word' id='word_1_120' title='bbox 141 1490 149 1561; x_wconf 64' lang='grc' dir='ltr'><strong>ι’</strong></span> <span class='ocrx_word' id='word_1_121' title='bbox 171 1509 191 1550; x_wconf 75' lang='lat' dir='ltr'><strong>l‘</strong></span> <span class='ocrx_word' id='word_1_122' title='bbox 201 1504 351 1579; x_wconf 81' lang='lat' dir='ltr'><strong>perveniat,</strong></span> <span class='ocrx_word' id='word_1_123' title='bbox 365 1503 411 1578; x_wconf 89' lang='lat' dir='ltr'><strong>qui</strong></span> <span class='ocrx_word' id='word_1_124' title='bbox 425 1523 440 1559; x_wconf 89' lang='lat' dir='ltr'><strong>a</strong></span> <span class='ocrx_word' id='word_1_125' title='bbox 454 1515 561 1578; x_wconf 84' lang='lat' dir='ltr'><strong>patrum</strong></span> <span class='ocrx_word' id='word_1_126' title='bbox 581 1505 739 1562; x_wconf 89' lang='lat' dir='ltr'><strong>crudelibus</strong></span> <span class='ocrx_word' id='word_1_127' title='bbox 762 1519 842 1580; x_wconf 88' lang='lat' dir='ltr'><strong>atque</strong></span> <span class='ocrx_word' id='word_1_128' title='bbox 856 1507 946 1580; x_wconf 88' lang='lat' dir='ltr'><strong>impiis</strong></span> <span class='ocrx_word' id='word_1_129' title='bbox 960 1505 1102 1580; x_wconf 88' lang='lat' dir='ltr'><strong>suppliciis</strong></span> 
     </span>
    </p>

    <p class='ocr_par' dir='ltr' id='par_1_7' title="bbox 140 1582 1136 1659">
     <span class='ocr_line' id='line_1_16' title="bbox 171 1582 1136 1659; baseline -0.004 -17.124"><span class='ocrx_word' id='word_1_130' title='bbox 171 1590 190 1627; x_wconf 67' lang='lat' dir='ltr'><strong>‘t</strong></span> <span class='ocrx_word' id='word_1_131' title='bbox 201 1593 293 1657; x_wconf 82' lang='lat' dir='ltr'><strong>tegere</strong></span> <span class='ocrx_word' id='word_1_132' title='bbox 307 1582 407 1638; x_wconf 91' lang='lat' dir='ltr'><strong>liberos</strong></span> <span class='ocrx_word' id='word_1_133' title='bbox 421 1583 518 1639; x_wconf 87' lang='lat' dir='ltr'><strong>sciant.</strong></span> <span class='ocrx_word' id='word_1_134' title='bbox 560 1583 686 1640; x_wconf 80' lang='lat' dir='ltr'><strong>Forsitan</strong></span> <span class='ocrx_word' id='word_1_135' title='bbox 710 1583 792 1638; x_wconf 88' lang='lat' dir='ltr'><strong>etiam</strong></span> <span class='ocrx_word' id='word_1_136' title='bbox 817 1584 919 1640; x_wconf 89' lang='lat' dir='ltr'><strong>ardoris</strong></span> <span class='ocrx_word' id='word_1_137' title='bbox 943 1583 1136 1659; x_wconf 79' lang='lat' dir='ltr'><strong>aliquidadrs</strong></span> 
     </span>
    </p>

    <p class='ocr_par' dir='ltr' id='par_1_8' title="bbox 144 1653 1102 1736">
     <span class='ocr_line' id='line_1_17' title="bbox 144 1653 1102 1736; baseline 0.001 -20"><span class='ocrx_word' id='word_1_138' title='bbox 144 1653 150 1702; x_wconf 71' lang='lat' dir='ltr'><strong>i</strong></span> <span class='ocrx_word' id='word_1_139' title='bbox 170 1665 189 1698; x_wconf 88' lang='lat'><strong>“</strong></span> <span class='ocrx_word' id='word_1_140' title='bbox 202 1659 303 1716; x_wconf 88' lang='lat' dir='ltr'><strong>bellum</strong></span> <span class='ocrx_word' id='word_1_141' title='bbox 317 1678 446 1732; x_wconf 86' lang='lat' dir='ltr'><strong>armaque</strong></span> <span class='ocrx_word' id='word_1_142' title='bbox 460 1678 490 1715; x_wconf 93' lang='lat' dir='ltr'><strong>se</strong></span> <span class='ocrx_word' id='word_1_143' title='bbox 508 1661 638 1716; x_wconf 87' lang='lat' dir='ltr'><strong>adversus</strong></span> <span class='ocrx_word' id='word_1_144' title='bbox 661 1659 885 1734; x_wconf 88' lang='lat' dir='ltr'><strong>superbissimum</strong></span> <span class='ocrx_word' id='word_1_145' title='bbox 908 1679 1002 1736; x_wconf 83' lang='lat' dir='ltr'><strong>regern</strong></span> <span class='ocrx_word' id='word_1_146' title='bbox 1017 1680 1050 1718; x_wconf 92' lang='lat' dir='ltr'><strong>ac</strong></span> <span class='ocrx_word' id='word_1_147' title='bbox 1064 1661 1102 1717; x_wconf 84' lang='lat' dir='ltr'><strong>le·</strong></span> 
     </span>
    </p>

    <p class='ocr_par' dir='ltr' id='par_1_9' title="bbox 141 1735 1134 2346">
     <span class='ocr_line' id='line_1_18' title="bbox 172 1736 1102 1811; baseline 0.003 -17.903"><span class='ocrx_word' id='word_1_148' title='bbox 172 1743 191 1776; x_wconf 85' lang='lat'><strong>“</strong></span> <span class='ocrx_word' id='word_1_149' title='bbox 201 1737 374 1794; x_wconf 87' lang='lat' dir='ltr'><strong>rocissimurn</strong></span> <span class='ocrx_word' id='word_1_150' title='bbox 388 1736 518 1811; x_wconf 91' lang='lat' dir='ltr'><strong>populum</strong></span> <span class='ocrx_word' id='word_1_151' title='bbox 533 1737 734 1794; x_wconf 86' lang='lat' dir='ltr'><strong>inventurum.’&#39;</strong></span> <span class='ocrx_word' id='word_1_152' title='bbox 775 1737 881 1808; x_wconf 79' lang='lat' dir='ltr'><strong>Quum,</strong></span> <span class='ocrx_word' id='word_1_153' title='bbox 896 1739 918 1794; x_wconf 93' lang='lat' dir='ltr'><strong>si</strong></span> <span class='ocrx_word' id='word_1_154' title='bbox 933 1739 1000 1795; x_wconf 91' lang='lat' dir='ltr'><strong>nihil</strong></span> <span class='ocrx_word' id='word_1_155' title='bbox 1015 1757 1102 1796; x_wconf 88' lang='lat' dir='ltr'><strong>mora·</strong></span> 
     </span>
     <span class='ocr_line' id='line_1_19' title="bbox 169 1814 1100 1890; baseline 0.002 -20"><span class='ocrx_word' id='word_1_156' title='bbox 169 1825 274 1886; x_wconf 81' lang='lat' dir='ltr'><strong>rentur,</strong></span> <span class='ocrx_word' id='word_1_157' title='bbox 289 1814 414 1870; x_wconf 88' lang='lat' dir='ltr'><strong>infensus</strong></span> <span class='ocrx_word' id='word_1_158' title='bbox 427 1815 465 1870; x_wconf 78' lang='lat' dir='ltr'><strong>ira</strong></span> <span class='ocrx_word' id='word_1_159' title='bbox 479 1834 560 1888; x_wconf 89' lang='lat' dir='ltr'><strong>porro</strong></span> <span class='ocrx_word' id='word_1_160' title='bbox 583 1814 647 1871; x_wconf 85' lang='lat' dir='ltr'><strong>inde</strong></span> <span class='ocrx_word' id='word_1_161' title='bbox 668 1815 791 1872; x_wconf 88' lang='lat' dir='ltr'><strong>abiturus</strong></span> <span class='ocrx_word' id='word_1_162' title='bbox 815 1815 960 1888; x_wconf 77' lang='lat' dir='ltr'><strong>videretur,</strong></span> <span class='ocrx_word' id='word_1_163' title='bbox 979 1815 1100 1890; x_wconf 72' lang='lat' dir='ltr'><strong>benigne</strong></span> 
     </span>
     <span class='ocr_line' id='line_1_20' title="bbox 170 1892 1099 1968; baseline -0.003 -16"><span class='ocrx_word' id='word_1_164' title='bbox 170 1897 206 1954; x_wconf 91' lang='lat' dir='ltr'><strong>ab</strong></span> <span class='ocrx_word' id='word_1_165' title='bbox 228 1892 344 1949; x_wconf 86' lang='lat' dir='ltr'><strong>Gabinis</strong></span> <span class='ocrx_word' id='word_1_166' title='bbox 367 1892 524 1968; x_wconf 83' lang='lat' dir='ltr'><strong>excipitur:</strong></span> <span class='ocrx_word' id='word_1_167' title='bbox 557 1902 650 1948; x_wconf 81' lang='lat' dir='ltr'><strong>vetant</strong></span> <span class='ocrx_word' id='word_1_168' title='bbox 670 1893 772 1965; x_wconf 86' lang='lat' dir='ltr'><strong>mirari,</strong></span> <span class='ocrx_word' id='word_1_169' title='bbox 793 1893 826 1959; x_wconf 88' lang='lat' dir='ltr'><strong>si,</strong></span> <span class='ocrx_word' id='word_1_170' title='bbox 853 1893 940 1968; x_wconf 89' lang='lat' dir='ltr'><strong>qualis</strong></span> <span class='ocrx_word' id='word_1_171' title='bbox 965 1893 994 1948; x_wconf 91' lang='lat' dir='ltr'><strong>in</strong></span> <span class='ocrx_word' id='word_1_172' title='bbox 1015 1894 1099 1961; x_wconf 89' lang='lat' dir='ltr'><strong>cives,</strong></span> 
     </span>
     <span class='ocr_line' id='line_1_21' title="bbox 169 1969 1134 2050; baseline -0.006 -18"><span class='ocrx_word' id='word_1_173' title='bbox 169 1971 258 2050; x_wconf 89' lang='lat' dir='ltr'><strong>qualis</strong></span> <span class='ocrx_word' id='word_1_174' title='bbox 278 1971 307 2027; x_wconf 91' lang='lat' dir='ltr'><strong>in</strong></span> <span class='ocrx_word' id='word_1_175' title='bbox 321 1970 419 2042; x_wconf 85' lang='lat' dir='ltr'><strong>socios,</strong></span> <span class='ocrx_word' id='word_1_176' title='bbox 443 1970 504 2026; x_wconf 88' lang='lat' dir='ltr'><strong>talis</strong></span> <span class='ocrx_word' id='word_1_177' title='bbox 525 1969 560 2025; x_wconf 91' lang='lat' dir='ltr'><strong>ad</strong></span> <span class='ocrx_word' id='word_1_178' title='bbox 581 1969 705 2027; x_wconf 88' lang='lat' dir='ltr'><strong>ultimum</strong></span> <span class='ocrx_word' id='word_1_179' title='bbox 726 1970 754 2028; x_wconf 87' lang='lat' dir='ltr'><strong>ia</strong></span> <span class='ocrx_word' id='word_1_180' title='bbox 775 1969 874 2027; x_wconf 91' lang='lat' dir='ltr'><strong>liberos</strong></span> <span class='ocrx_word' id='word_1_181' title='bbox 894 1981 974 2026; x_wconf 91' lang='lat' dir='ltr'><strong>esset.</strong></span> <span class='ocrx_word' id='word_1_182' title='bbox 1015 1971 1049 2027; x_wconf 86' lang='lat' dir='ltr'><strong>ln</strong></span> <span class='ocrx_word' id='word_1_183' title='bbox 1070 1986 1134 2028; x_wconf 78' lang='lat' dir='ltr'><strong>seeo</strong></span> 
     </span>
     <span class='ocr_line' id='line_1_22' title="bbox 169 2047 1127 2128; baseline 0 -24"><span class='ocrx_word' id='word_1_184' title='bbox 169 2053 259 2128; x_wconf 88' lang='lat' dir='ltr'><strong>ipsum</strong></span> <span class='ocrx_word' id='word_1_185' title='bbox 270 2047 407 2124; x_wconf 82' lang='lat' dir='ltr'><strong>postremd</strong></span> <span class='ocrx_word' id='word_1_186' title='bbox 420 2049 588 2114; x_wconf 83' lang='lat' dir='ltr'><strong>saevitururn,</strong></span> <span class='ocrx_word' id='word_1_187' title='bbox 603 2047 625 2102; x_wconf 90' lang='lat' dir='ltr'><strong>si</strong></span> <span class='ocrx_word' id='word_1_188' title='bbox 640 2047 692 2116; x_wconf 76' lang='lat' dir='ltr'><strong>alia</strong></span> <span class='ocrx_word' id='word_1_189' title='bbox 705 2047 804 2105; x_wconf 84' lang='lat' dir='ltr'><strong>desint.</strong></span> <span class='ocrx_word' id='word_1_190' title='bbox 845 2048 904 2104; x_wconf 87' lang='lat' dir='ltr'><strong>Sibi</strong></span> <span class='ocrx_word' id='word_1_191' title='bbox 919 2047 981 2105; x_wconf 77' lang='lat' dir='ltr'><strong>verb</strong></span> <span class='ocrx_word' id='word_1_192' title='bbox 991 2059 1100 2124; x_wconf 84' lang='lat' dir='ltr'><strong>gratum</strong></span> <span class='ocrx_word' id='word_1_193' title='bbox 1125 2101 1127 2104; x_wconf 81' lang='grc'>,</span> 
     </span>
     <span class='ocr_line' id='line_1_23' title="bbox 171 2125 1100 2204; baseline -0.002 -18"><span class='ocrx_word' id='word_1_194' title='bbox 171 2131 319 2186; x_wconf 88' lang='lat' dir='ltr'><strong>adventum</strong></span> <span class='ocrx_word' id='word_1_195' title='bbox 340 2128 399 2204; x_wconf 85' lang='lat' dir='ltr'><strong>ejus</strong></span> <span class='ocrx_word' id='word_1_196' title='bbox 424 2145 500 2195; x_wconf 87' lang='lat' dir='ltr'><strong>esse;</strong></span> <span class='ocrx_word' id='word_1_197' title='bbox 532 2125 708 2201; x_wconf 83' lang='lat' dir='ltr'><strong>futurumque</strong></span> <span class='ocrx_word' id='word_1_198' title='bbox 734 2128 847 2183; x_wconf 89' lang='lat' dir='ltr'><strong>credere</strong></span> <span class='ocrx_word' id='word_1_199' title='bbox 873 2126 958 2194; x_wconf 89' lang='lat' dir='ltr'><strong>brevi,</strong></span> <span class='ocrx_word' id='word_1_200' title='bbox 987 2138 1025 2197; x_wconf 89' lang='lat' dir='ltr'><strong>ut,</strong></span> <span class='ocrx_word' id='word_1_201' title='bbox 1053 2127 1100 2184; x_wconf 92' lang='lat' dir='ltr'><strong>illo</strong></span> 
     </span>
     <span class='ocr_line' id='line_1_24' title="bbox 169 2203 1099 2286; baseline -0.003 -21"><span class='ocrx_word' id='word_1_202' title='bbox 169 2209 326 2286; x_wconf 87' lang='lat' dir='ltr'><strong>adjuvante,</strong></span> <span class='ocrx_word' id='word_1_203' title='bbox 351 2205 385 2263; x_wconf 88' lang='lat' dir='ltr'><strong>ab</strong></span> <span class='ocrx_word' id='word_1_204' title='bbox 407 2205 492 2280; x_wconf 81' lang='lat' dir='ltr'><strong>portis</strong></span> <span class='ocrx_word' id='word_1_205' title='bbox 514 2204 632 2261; x_wconf 87' lang='lat' dir='ltr'><strong>Gabinis</strong></span> <span class='ocrx_word' id='word_1_206' title='bbox 653 2205 704 2260; x_wconf 87' lang='lat' dir='ltr'><strong>sub</strong></span> <span class='ocrx_word' id='word_1_207' title='bbox 727 2203 856 2262; x_wconf 88' lang='lat' dir='ltr'><strong>Romana</strong></span> <span class='ocrx_word' id='word_1_208' title='bbox 875 2204 978 2262; x_wconf 85' lang='lat' dir='ltr'><strong>moenia</strong></span> <span class='ocrx_word' id='word_1_209' title='bbox 997 2205 1099 2262; x_wconf 87' lang='lat' dir='ltr'><strong>bellurn</strong></span> 
     </span>
     <span class='ocr_line' id='line_1_25' title="bbox 168 2285 354 2346; baseline -0.016 -3"><span class='ocrx_word' id='word_1_210' title='bbox 168 2285 354 2346; x_wconf 80' lang='lat' dir='ltr'><strong>transferatur.</strong></span> 
     </span>
    </p>
   </div>
   <div class='ocr_carea' id='block_1_3' title="bbox 94 2437 1132 3843">
    <p class='ocr_par' dir='ltr' id='par_1_10' title="bbox 109 2437 1132 3060">
     <span class='ocr_line' id='line_1_26' title="bbox 207 2437 1132 2513; baseline -0.003 -14"><span class='ocrx_word' id='word_1_211' title='bbox 207 2443 284 2499; x_wconf 89' lang='lat' dir='ltr'><strong>LIV.</strong></span> <span class='ocrx_word' id='word_1_212' title='bbox 305 2440 375 2512; x_wconf 76' lang='lat' dir='ltr'><strong>Inde</strong></span> <span class='ocrx_word' id='word_1_213' title='bbox 395 2441 424 2496; x_wconf 92' lang='lat' dir='ltr'><strong>in</strong></span> <span class='ocrx_word' id='word_1_214' title='bbox 445 2439 564 2497; x_wconf 87' lang='lat' dir='ltr'><strong>concilia</strong></span> <span class='ocrx_word' id='word_1_215' title='bbox 582 2437 693 2512; x_wconf 89' lang='lat' dir='ltr'><strong>publica</strong></span> <span class='ocrx_word' id='word_1_216' title='bbox 713 2438 852 2496; x_wconf 88' lang='lat' dir='ltr'><strong>adhiberi:</strong></span> <span class='ocrx_word' id='word_1_217' title='bbox 886 2439 943 2505; x_wconf 90' lang='lat' dir='ltr'><strong>ubi,</strong></span> <span class='ocrx_word' id='word_1_218' title='bbox 967 2457 1051 2513; x_wconf 89' lang='lat' dir='ltr'><strong>quum</strong></span> <span class='ocrx_word' id='word_1_219' title='bbox 1065 2439 1132 2496; x_wconf 74' lang='lat' dir='ltr'><strong>deas</strong></span> 
     </span>
     <span class='ocr_line' id='line_1_27' title="bbox 171 2517 1099 2590; baseline -0.005 -13"><span class='ocrx_word' id='word_1_220' title='bbox 171 2520 233 2577; x_wconf 87' lang='lat' dir='ltr'><strong>aliis</strong></span> <span class='ocrx_word' id='word_1_221' title='bbox 247 2520 329 2576; x_wconf 89' lang='lat' dir='ltr'><strong>rebus</strong></span> <span class='ocrx_word' id='word_1_222' title='bbox 343 2517 475 2572; x_wconf 86' lang='lat' dir='ltr'><strong>assentire</strong></span> <span class='ocrx_word' id='word_1_223' title='bbox 489 2535 519 2571; x_wconf 91' lang='lat' dir='ltr'><strong>se</strong></span> <span class='ocrx_word' id='word_1_224' title='bbox 541 2517 678 2572; x_wconf 86' lang='lat' dir='ltr'><strong>veteribus</strong></span> <span class='ocrx_word' id='word_1_225' title='bbox 689 2517 805 2573; x_wconf 88' lang='lat' dir='ltr'><strong>Gabinis</strong></span> <span class='ocrx_word' id='word_1_226' title='bbox 819 2517 933 2588; x_wconf 87' lang='lat' dir='ltr'><strong>diceret,</strong></span> <span class='ocrx_word' id='word_1_227' title='bbox 944 2518 1044 2590; x_wconf 91' lang='lat' dir='ltr'><strong>quibus</strong></span> <span class='ocrx_word' id='word_1_228' title='bbox 1057 2518 1099 2573; x_wconf 83' lang='lat' dir='ltr'><strong>hae</strong></span> 
     </span>
     <span class='ocr_line' id='line_1_28' title="bbox 168 2594 1099 2668; baseline -0.005 -13"><span class='ocrx_word' id='word_1_229' title='bbox 168 2598 289 2660; x_wconf 87' lang='lat' dir='ltr'><strong>notiores</strong></span> <span class='ocrx_word' id='word_1_230' title='bbox 302 2604 402 2660; x_wconf 86' lang='lat' dir='ltr'><strong>essent,</strong></span> <span class='ocrx_word' id='word_1_231' title='bbox 418 2595 475 2668; x_wconf 92' lang='lat' dir='ltr'><strong>ipse</strong></span> <span class='ocrx_word' id='word_1_232' title='bbox 497 2594 648 2650; x_wconf 85' lang='lat' dir='ltr'><strong>identidem</strong></span> <span class='ocrx_word' id='word_1_233' title='bbox 672 2594 736 2651; x_wconf 92' lang='lat' dir='ltr'><strong>belli</strong></span> <span class='ocrx_word' id='word_1_234' title='bbox 758 2606 852 2652; x_wconf 87' lang='lat' dir='ltr'><strong>auctor</strong></span> <span class='ocrx_word' id='word_1_235' title='bbox 873 2614 944 2667; x_wconf 87' lang='lat' dir='ltr'><strong>esse,</strong></span> <span class='ocrx_word' id='word_1_236' title='bbox 958 2597 986 2651; x_wconf 90' lang='lat' dir='ltr'><strong>in</strong></span> <span class='ocrx_word' id='word_1_237' title='bbox 1000 2615 1034 2652; x_wconf 86' lang='lat' dir='ltr'><strong>eo</strong></span> <span class='ocrx_word' id='word_1_238' title='bbox 1048 2595 1099 2651; x_wconf 90' lang='lat' dir='ltr'><strong>sibi</strong></span> 
     </span>
     <span class='ocr_line' id='line_1_29' title="bbox 166 2671 1100 2752; baseline -0.002 -21"><span class='ocrx_word' id='word_1_239' title='bbox 166 2675 335 2752; x_wconf 84' lang='lat' dir='ltr'><strong>praecipuam</strong></span> <span class='ocrx_word' id='word_1_240' title='bbox 350 2672 523 2746; x_wconf 82' lang='lat' dir='ltr'><strong>prudentiam</strong></span> <span class='ocrx_word' id='word_1_241' title='bbox 545 2691 693 2742; x_wconf 82' lang='lat' dir='ltr'><strong>assumere,</strong></span> <span class='ocrx_word' id='word_1_242' title='bbox 717 2671 788 2746; x_wconf 80' lang='lat' dir='ltr'><strong>qudd</strong></span> <span class='ocrx_word' id='word_1_243' title='bbox 803 2673 942 2748; x_wconf 86' lang='lat' dir='ltr'><strong>utriusque</strong></span> <span class='ocrx_word' id='word_1_244' title='bbox 956 2673 1049 2748; x_wconf 90' lang='lat' dir='ltr'><strong>populi</strong></span> <span class='ocrx_word' id='word_1_245' title='bbox 1063 2673 1100 2729; x_wconf 91' lang='lat' dir='ltr'><strong>vi·</strong></span> 
     </span>
     <span class='ocr_line' id='line_1_30' title="bbox 167 2750 1098 2826; baseline -0.005 -15"><span class='ocrx_word' id='word_1_246' title='bbox 167 2773 212 2811; x_wconf 90' lang='lat' dir='ltr'><strong>res</strong></span> <span class='ocrx_word' id='word_1_247' title='bbox 237 2753 338 2819; x_wconf 82' lang='lat' dir='ltr'><strong>ndsset,</strong></span> <span class='ocrx_word' id='word_1_248' title='bbox 353 2751 502 2824; x_wconf 78' lang='lat' dir='ltr'><strong>sciretque</strong></span> <span class='ocrx_word' id='word_1_249' title='bbox 529 2751 644 2806; x_wconf 89' lang='lat' dir='ltr'><strong>invisam</strong></span> <span class='ocrx_word' id='word_1_250' title='bbox 667 2750 789 2825; x_wconf 84' lang='lat' dir='ltr'><strong>prolectd</strong></span> <span class='ocrx_word' id='word_1_251' title='bbox 816 2751 971 2826; x_wconf 86' lang='lat' dir='ltr'><strong>superbiam</strong></span> <span class='ocrx_word' id='word_1_252' title='bbox 994 2750 1098 2825; x_wconf 86' lang='lat' dir='ltr'><strong>regiam</strong></span> 
     </span>
     <span class='ocr_line' id='line_1_31' title="bbox 168 2827 1132 2904; baseline -0.005 -15"><span class='ocrx_word' id='word_1_253' title='bbox 168 2831 275 2904; x_wconf 81' lang='lat' dir='ltr'><strong>civibus</strong></span> <span class='ocrx_word' id='word_1_254' title='bbox 290 2847 360 2895; x_wconf 88' lang='lat' dir='ltr'><strong>esse,</strong></span> <span class='ocrx_word' id='word_1_255' title='bbox 375 2847 456 2902; x_wconf 86' lang='lat' dir='ltr'><strong>quam</strong></span> <span class='ocrx_word' id='word_1_256' title='bbox 481 2829 550 2884; x_wconf 85' lang='lat' dir='ltr'><strong>ferre</strong></span> <span class='ocrx_word' id='word_1_257' title='bbox 570 2848 606 2884; x_wconf 85' lang='lat' dir='ltr'><strong>ns</strong></span> <span class='ocrx_word' id='word_1_258' title='bbox 626 2828 705 2884; x_wconf 89' lang='lat' dir='ltr'><strong>liberi</strong></span> <span class='ocrx_word' id='word_1_259' title='bbox 725 2829 835 2902; x_wconf 89' lang='lat' dir='ltr'><strong>quidem</strong></span> <span class='ocrx_word' id='word_1_260' title='bbox 856 2830 1019 2904; x_wconf 70' lang='lat' dir='ltr'><strong>potuissent}</strong></span> <span class='ocrx_word' id='word_1_261' title='bbox 1056 2827 1132 2884; x_wconf 81' lang='lat' dir='ltr'><strong>Itaau</strong></span> 
     </span>
     <span class='ocr_line' id='line_1_32' title="bbox 167 2905 1098 2984; baseline -0.004 -18"><span class='ocrx_word' id='word_1_262' title='bbox 167 2929 251 2984; x_wconf 90' lang='lat' dir='ltr'><strong>quum</strong></span> <span class='ocrx_word' id='word_1_263' title='bbox 266 2906 368 2966; x_wconf 87' lang='lat' dir='ltr'><strong>sensim</strong></span> <span class='ocrx_word' id='word_1_264' title='bbox 383 2907 417 2964; x_wconf 86' lang='lat' dir='ltr'><strong>ad</strong></span> <span class='ocrx_word' id='word_1_265' title='bbox 430 2906 618 2962; x_wconf 88' lang='lat' dir='ltr'><strong>rebellandum</strong></span> <span class='ocrx_word' id='word_1_266' title='bbox 632 2907 764 2982; x_wconf 88' lang='lat' dir='ltr'><strong>primores</strong></span> <span class='ocrx_word' id='word_1_267' title='bbox 778 2908 947 2964; x_wconf 87' lang='lat' dir='ltr'><strong>Gabinorum</strong></span> <span class='ocrx_word' id='word_1_268' title='bbox 962 2905 1098 2974; x_wconf 86' lang='lat' dir='ltr'><strong>incitaret,</strong></span> 
     </span>
     <span class='ocr_line' id='line_1_33' title="bbox 109 2983 1099 3060; baseline -0.003 -17"><span class='ocrx_word' id='word_1_269' title='bbox 109 2991 110 3004; x_wconf 62' lang='lat'>¹</span> <span class='ocrx_word' id='word_1_270' title='bbox 167 2987 226 3060; x_wconf 90' lang='lat' dir='ltr'><strong>ipse</strong></span> <span class='ocrx_word' id='word_1_271' title='bbox 250 3006 314 3043; x_wconf 91' lang='lat' dir='ltr'><strong>oum</strong></span> <span class='ocrx_word' id='word_1_272' title='bbox 334 2985 542 3060; x_wconf 85' lang='lat' dir='ltr'><strong>promptissimis</strong></span> <span class='ocrx_word' id='word_1_273' title='bbox 562 2985 692 3058; x_wconf 88' lang='lat' dir='ltr'><strong>juvenum</strong></span> <span class='ocrx_word' id='word_1_274' title='bbox 717 2986 868 3058; x_wconf 79' lang='lat' dir='ltr'><strong>praedatum</strong></span> <span class='ocrx_word' id='word_1_275' title='bbox 892 2996 972 3057; x_wconf 86' lang='lat' dir='ltr'><strong>atque</strong></span> <span class='ocrx_word' id='word_1_276' title='bbox 1000 2983 1028 3038; x_wconf 94' lang='lat' dir='ltr'><strong>in</strong></span> <span class='ocrx_word' id='word_1_277' title='bbox 1051 3003 1099 3040; x_wconf 86' lang='lat' dir='ltr'><strong>ex·</strong></span> 
     </span>
    </p>

    <p class='ocr_par' dir='ltr' id='par_1_11' title="bbox 94 3060 1131 3843">
     <span class='ocr_line' id='line_1_34' title="bbox 167 3060 1099 3139; baseline -0.005 -19"><span class='ocrx_word' id='word_1_278' title='bbox 167 3064 321 3139; x_wconf 89' lang='lat' dir='ltr'><strong>peditiones</strong></span> <span class='ocrx_word' id='word_1_279' title='bbox 335 3065 394 3130; x_wconf 85' lang='lat' dir='ltr'><strong>iret,</strong></span> <span class='ocrx_word' id='word_1_280' title='bbox 408 3074 437 3119; x_wconf 86' lang='lat' dir='ltr'><strong>et</strong></span> <span class='ocrx_word' id='word_1_281' title='bbox 450 3063 531 3118; x_wconf 90' lang='lat' dir='ltr'><strong>dictis</strong></span> <span class='ocrx_word' id='word_1_282' title='bbox 553 3063 684 3135; x_wconf 85' lang='lat' dir='ltr'><strong>factisque</strong></span> <span class='ocrx_word' id='word_1_283' title='bbox 704 3063 832 3118; x_wconf 90' lang='lat' dir='ltr'><strong>omnibus</strong></span> <span class='ocrx_word' id='word_1_284' title='bbox 846 3064 880 3118; x_wconf 90' lang='lat' dir='ltr'><strong>ad</strong></span> <span class='ocrx_word' id='word_1_285' title='bbox 895 3060 1044 3116; x_wconf 84' lang='lat' dir='ltr'><strong>fallendum</strong></span> <span class='ocrx_word' id='word_1_286' title='bbox 1058 3060 1099 3116; x_wconf 88' lang='lat' dir='ltr'><strong>in·</strong></span> 
     </span>
     <span class='ocr_line' id='line_1_35' title="bbox 172 3136 1097 3212; baseline -0.006 -14"><span class='ocrx_word' id='word_1_287' title='bbox 172 3141 283 3198; x_wconf 88' lang='lat' dir='ltr'><strong>structis</strong></span> <span class='ocrx_word' id='word_1_288' title='bbox 296 3159 366 3196; x_wconf 86' lang='lat' dir='ltr'><strong>vana</strong></span> <span class='ocrx_word' id='word_1_289' title='bbox 379 3151 552 3198; x_wconf 83' lang='lat' dir='ltr'><strong>accresceret</strong></span> <span class='ocrx_word' id='word_1_290' title='bbox 564 3139 639 3210; x_wconf 88' lang='lat' dir='ltr'><strong>fides,</strong></span> <span class='ocrx_word' id='word_1_291' title='bbox 654 3140 710 3208; x_wconf 81' lang='lat' dir='ltr'><strong>dux</strong></span> <span class='ocrx_word' id='word_1_292' title='bbox 724 3141 758 3195; x_wconf 89' lang='lat' dir='ltr'><strong>ad</strong></span> <span class='ocrx_word' id='word_1_293' title='bbox 772 3141 898 3196; x_wconf 90' lang='lat' dir='ltr'><strong>ultimum</strong></span> <span class='ocrx_word' id='word_1_294' title='bbox 913 3138 977 3194; x_wconf 92' lang='lat' dir='ltr'><strong>belli</strong></span> <span class='ocrx_word' id='word_1_295' title='bbox 988 3136 1097 3212; x_wconf 84' lang='lat' dir='ltr'><strong>legitur.</strong></span> 
     </span>
     <span class='ocr_line' id='line_1_36' title="bbox 168 3215 1131 3296; baseline -0.003 -21"><span class='ocrx_word' id='word_1_296' title='bbox 168 3219 214 3276; x_wconf 70' lang='lat' dir='ltr'><strong>,Ibi</strong></span> <span class='ocrx_word' id='word_1_297' title='bbox 234 3237 328 3292; x_wconf 88' lang='lat' dir='ltr'><strong>quum,</strong></span> <span class='ocrx_word' id='word_1_298' title='bbox 349 3219 436 3274; x_wconf 77' lang='lat' dir='ltr'><strong>inscii</strong></span> <span class='ocrx_word' id='word_1_299' title='bbox 458 3218 631 3274; x_wconf 78' lang='lat' dir='ltr'><strong>marltitudine</strong></span> <span class='ocrx_word' id='word_1_300' title='bbox 655 3217 720 3296; x_wconf 89' lang='lat' dir='ltr'><strong>quid</strong></span> <span class='ocrx_word' id='word_1_301' title='bbox 744 3228 878 3292; x_wconf 84' lang='lat' dir='ltr'><strong>ageretur,</strong></span> <span class='ocrx_word' id='word_1_302' title='bbox 900 3215 997 3291; x_wconf 86' lang='lat' dir='ltr'><strong>proelia</strong></span> <span class='ocrx_word' id='word_1_303' title='bbox 1015 3233 1131 3290; x_wconf 74' lang='lat' dir='ltr'><strong>pervaso</strong></span> 
     </span>
     <span class='ocr_line' id='line_1_37' title="bbox 148 3293 1098 3370; baseline -0.003 -16"><span class='ocrx_word' id='word_1_304' title='bbox 148 3301 151 3312; x_wconf 55' lang='lat'><strong>¹</strong></span> <span class='ocrx_word' id='word_1_305' title='bbox 167 3297 239 3354; x_wconf 88' lang='lat' dir='ltr'><strong>inter</strong></span> <span class='ocrx_word' id='word_1_306' title='bbox 252 3295 371 3353; x_wconf 85' lang='lat' dir='ltr'><strong>Romam</strong></span> <span class='ocrx_word' id='word_1_307' title='bbox 385 3297 541 3370; x_wconf 87' lang='lat' dir='ltr'><strong>Gabiosque</strong></span> <span class='ocrx_word' id='word_1_308' title='bbox 565 3296 670 3361; x_wconf 85' lang='lat' dir='ltr'><strong>fierent,</strong></span> <span class='ocrx_word' id='word_1_309' title='bbox 695 3295 793 3370; x_wconf 88' lang='lat' dir='ltr'><strong>quibus</strong></span> <span class='ocrx_word' id='word_1_310' title='bbox 813 3296 973 3370; x_wconf 88' lang='lat' dir='ltr'><strong>plerumque</strong></span> <span class='ocrx_word' id='word_1_311' title='bbox 987 3293 1098 3351; x_wconf 89' lang='lat' dir='ltr'><strong>Gabina</strong></span> 
     </span>
     <span class='ocr_line' id='line_1_38' title="bbox 167 3371 1097 3452; baseline -0.004 -19"><span class='ocrx_word' id='word_1_312' title='bbox 167 3395 211 3433; x_wconf 88' lang='lat' dir='ltr'><strong>res</strong></span> <span class='ocrx_word' id='word_1_313' title='bbox 225 3374 346 3452; x_wconf 88' lang='lat' dir='ltr'><strong>superior</strong></span> <span class='ocrx_word' id='word_1_314' title='bbox 360 3384 446 3444; x_wconf 88' lang='lat' dir='ltr'><strong>esset;</strong></span> <span class='ocrx_word' id='word_1_315' title='bbox 475 3385 533 3430; x_wconf 91' lang='lat' dir='ltr'><strong>turn</strong></span> <span class='ocrx_word' id='word_1_316' title='bbox 554 3372 676 3430; x_wconf 88' lang='lat' dir='ltr'><strong>certatim</strong></span> <span class='ocrx_word' id='word_1_317' title='bbox 691 3373 790 3430; x_wconf 87' lang='lat' dir='ltr'><strong>summi</strong></span> <span class='ocrx_word' id='word_1_318' title='bbox 812 3373 951 3446; x_wconf 87' lang='lat' dir='ltr'><strong>infimique</strong></span> <span class='ocrx_word' id='word_1_319' title='bbox 975 3371 1097 3429; x_wconf 86' lang='lat' dir='ltr'><strong>Gabino-</strong></span> 
     </span>
     <span class='ocr_line' id='line_1_39' title="bbox 169 3451 1096 3525; baseline -0.001 -16"><span class='ocrx_word' id='word_1_320' title='bbox 169 3472 233 3509; x_wconf 90' lang='lat' dir='ltr'><strong>rum</strong></span> <span class='ocrx_word' id='word_1_321' title='bbox 260 3453 323 3508; x_wconf 84' lang='lat' dir='ltr'><strong>Sex.</strong></span> <span class='ocrx_word' id='word_1_322' title='bbox 351 3451 535 3525; x_wconf 86' lang='lat' dir='ltr'><strong>Tarquinium</strong></span> <span class='ocrx_word' id='word_1_323' title='bbox 560 3452 632 3506; x_wconf 89' lang='lat' dir='ltr'><strong>dono</strong></span> <span class='ocrx_word' id='word_1_324' title='bbox 662 3451 753 3506; x_wconf 80' lang='lat' dir='ltr'><strong>Deum</strong></span> <span class='ocrx_word' id='word_1_325' title='bbox 781 3451 832 3508; x_wconf 86' lang='lat' dir='ltr'><strong>sibi</strong></span> <span class='ocrx_word' id='word_1_326' title='bbox 853 3451 966 3508; x_wconf 88' lang='lat' dir='ltr'><strong>missurn</strong></span> <span class='ocrx_word' id='word_1_327' title='bbox 995 3451 1096 3508; x_wconf 86' lang='lat' dir='ltr'><strong>ducem</strong></span> 
     </span>
     <span class='ocr_line' id='line_1_40' title="bbox 168 3527 1095 3602; baseline -0.002 -16"><span class='ocrx_word' id='word_1_328' title='bbox 168 3531 289 3586; x_wconf 89' lang='lat' dir='ltr'><strong>credere.</strong></span> <span class='ocrx_word' id='word_1_329' title='bbox 338 3529 421 3602; x_wconf 85' lang='lat' dir='ltr'><strong>Apud</strong></span> <span class='ocrx_word' id='word_1_330' title='bbox 445 3530 545 3585; x_wconf 85' lang='lat' dir='ltr'><strong>milites</strong></span> <span class='ocrx_word' id='word_1_331' title='bbox 564 3527 628 3584; x_wconf 79' lang='lat' dir='ltr'><strong>verb</strong></span> <span class='ocrx_word' id='word_1_332' title='bbox 648 3529 777 3584; x_wconf 87' lang='lat' dir='ltr'><strong>obeundo</strong></span> <span class='ocrx_word' id='word_1_333' title='bbox 797 3529 919 3602; x_wconf 86' lang='lat' dir='ltr'><strong>pericula</strong></span> <span class='ocrx_word' id='word_1_334' title='bbox 932 3547 965 3584; x_wconf 89' lang='lat' dir='ltr'><strong>ac</strong></span> <span class='ocrx_word' id='word_1_335' title='bbox 978 3528 1095 3599; x_wconf 85' lang='lat' dir='ltr'><strong>labores,</strong></span> 
     </span>
     <span class='ocr_line' id='line_1_41' title="bbox 94 3601 1128 3682; baseline 0 -20"><span class='ocrx_word' id='word_1_336' title='bbox 94 3601 95 3609; x_wconf 65' lang='grc'>’</span> <span class='ocrx_word' id='word_1_337' title='bbox 168 3608 268 3682; x_wconf 89' lang='lat' dir='ltr'><strong>pariter</strong></span> <span class='ocrx_word' id='word_1_338' title='bbox 282 3607 401 3682; x_wconf 78' lang='lat' dir='ltr'><strong>praedam</strong></span> <span class='ocrx_word' id='word_1_339' title='bbox 420 3607 550 3662; x_wconf 76' lang='lat' dir='ltr'><strong>munifice</strong></span> <span class='ocrx_word' id='word_1_340' title='bbox 572 3601 724 3680; x_wconf 82' lang='lat' dir='ltr'><strong>largiendo,</strong></span> <span class='ocrx_word' id='word_1_341' title='bbox 746 3607 823 3662; x_wconf 72' lang='lat' dir='ltr'><strong>tanti</strong></span> <span class='ocrx_word' id='word_1_342' title='bbox 844 3607 957 3662; x_wconf 86' lang='lat' dir='ltr'><strong>caritate</strong></span> <span class='ocrx_word' id='word_1_343' title='bbox 970 3625 1041 3678; x_wconf 87' lang='lat' dir='ltr'><strong>esse,</strong></span> <span class='ocrx_word' id='word_1_344' title='bbox 1065 3617 1128 3662; x_wconf 79' lang='lat' dir='ltr'><strong>uteo</strong></span> 
     </span>
     <span class='ocr_line' id='line_1_42' title="bbox 168 3683 1095 3760; baseline 0 -21"><span class='ocrx_word' id='word_1_345' title='bbox 168 3685 225 3756; x_wconf 79' lang='lat' dir='ltr'><strong>iton</strong></span> <span class='ocrx_word' id='word_1_346' title='bbox 240 3696 316 3760; x_wconf 89' lang='lat' dir='ltr'><strong>pater</strong></span> <span class='ocrx_word' id='word_1_347' title='bbox 329 3683 497 3756; x_wconf 87' lang='lat' dir='ltr'><strong>Tarquinius</strong></span> <span class='ocrx_word' id='word_1_348' title='bbox 517 3683 652 3758; x_wconf 90' lang='lat' dir='ltr'><strong>potentior</strong></span> <span class='ocrx_word' id='word_1_349' title='bbox 672 3683 781 3755; x_wconf 74' lang='lat' dir='ltr'><strong>Romae,</strong></span> <span class='ocrx_word' id='word_1_350' title='bbox 801 3685 886 3756; x_wconf 70' lang='lat' dir='ltr'><strong>quarn</strong></span> <span class='ocrx_word' id='word_1_351' title='bbox 907 3684 978 3742; x_wconf 89' lang='lat' dir='ltr'><strong>filius</strong></span> <span class='ocrx_word' id='word_1_352' title='bbox 998 3683 1095 3742; x_wconf 87' lang='lat' dir='ltr'><strong>Gabiis</strong></span> 
     </span>
     <span class='ocr_line' id='line_1_43' title="bbox 163 3760 1094 3843; baseline -0.002 -25"><span class='ocrx_word' id='word_1_353' title='bbox 163 3770 249 3818; x_wconf 77' lang='lat' dir='ltr'><strong>esset.</strong></span> <span class='ocrx_word' id='word_1_354' title='bbox 289 3761 395 3843; x_wconf 86' lang='lat' dir='ltr'><strong>Itaque,</strong></span> <span class='ocrx_word' id='word_1_355' title='bbox 415 3773 556 3837; x_wconf 87' lang='lat' dir='ltr'><strong>postquam</strong></span> <span class='ocrx_word' id='word_1_356' title='bbox 580 3761 645 3818; x_wconf 88' lang='lat' dir='ltr'><strong>satis</strong></span> <span class='ocrx_word' id='word_1_357' title='bbox 665 3760 763 3824; x_wconf 86' lang='lat' dir='ltr'><strong>virium</strong></span> <span class='ocrx_word' id='word_1_358' title='bbox 783 3761 929 3820; x_wconf 84' lang='lat' dir='ltr'><strong>collectum</strong></span> <span class='ocrx_word' id='word_1_359' title='bbox 944 3764 978 3820; x_wconf 87' lang='lat' dir='ltr'><strong>ud</strong></span> <span class='ocrx_word' id='word_1_360' title='bbox 997 3779 1094 3821; x_wconf 84' lang='lat' dir='ltr'><strong>omnes</strong></span> 
     </span>
    </p>
   </div>
   <div class='ocr_carea' id='block_1_4' title="bbox 0 0 1316 4194">
    <p class='ocr_par' dir='ltr' id='par_1_12' title="bbox 0 0 1316 4194">
     <span class='ocr_line' id='line_1_44' title="bbox 0 0 1316 4194; baseline 0 1"><span class='ocrx_word' id='word_1_361' title='bbox 0 0 1316 4194; x_wconf 95' lang='lat' dir='ltr'><strong> </strong></span> 
     </span>
    </p>
   </div>
  </div>
 </body>
</html>
