2638 4206
526 382 627 433 LIBER
642 385 684 432 Vl.
703 397 764 434 car.
775 397 853 433 xrrrr.
1045 411 1049 418 ’
1089 386 1142 446 Ill

212 522 254 582 sci
268 522 383 581 crimine
405 523 480 596 belli,
504 525 678 600 captivosque
699 525 896 601 repetentibus,
909 531 941 580 ut
960 522 1017 582 suis
1036 522 1145 600 legibus

213 601 242 658 iu
261 620 308 658 eos
329 601 586 669 animadverterent,
610 603 698 660 tristia
718 621 848 678 responsa
868 600 993 670 reddita3
1026 601 1146 660 tristiora

213 677 327 745 colonis,
347 680 419 753 qudd
446 679 521 736 cives
544 679 666 736 Romani
691 680 786 756 patriae
812 679 1004 754 oppugnandae
1024 678 1146 736 nefanda

214 756 330 812 consilia
343 756 468 814 inissent.
508 756 574 814 Non
588 761 719 834 n'egatum
734 758 825 832 itaque
839 756 949 814 tanturn
963 756 998 811 de
1012 755 1144 830 captivis,

193 834 262 890 used
276 833 319 909 (in
333 853 388 908 quo
414 834 448 890 ab
459 834 540 893 sociis
550 845 643 892 tamen
655 835 888 911 temperaverunt)
901 832 1094 890 denuntiatum
1104 852 1147 890 se·

213 912 292 984 natips
318 912 418 982 verbis,
440 912 608 968 facesserent
633 912 748 988 propere
769 931 804 968 ex
829 907 913 984 Urbe,
944 911 1045 967 abore
1066 921 1148 986 atque

213 987 301 1044 oculis
314 990 407 1064 populi
422 989 553 1056 Romani,
567 1009 603 1046 ne
627 991 696 1047 nihil
717 1009 764 1047 eos
783 989 929 1066 legationis
946 988 1002 1065 jus,
1022 999 1146 1057 externo,

214 1084 270 1122 uon
284 1066 348 1133 civi,
363 1078 560 1142 comparatum,
574 1078 688 1142 tegeret.

182 1242 207 1298 Ξ
253 1220 367 1279 XVIII.
400 1222 631 1281 Recrudescente
657 1221 800 1282 Manliana
827 1221 971 1297 seditione,
1001 1224 1052 1281 rub
1073 1223 1148 1284 exitu

182 1299 282 1355 ttanni
303 1301 414 1358 comitia
439 1301 541 1372 habita,
568 1302 707 1377 creatique
732 1303 836 1360 tribuni
863 1303 981 1360 militum
1011 1305 1148 1363 consulari

188 1366 202 1436 ‘l
216 1386 350 1450 potestate
363 1397 399 1434 en
422 1378 548 1435 Patribus
562 1381 622 1435 Ser.
636 1379 783 1437 Cornelius
806 1379 1010 1456 Maluginensis
1027 1381 1149 1450 tertiirm,
1200 1449 1208 1464 .

189 1443 203 1526 ⁴·
217 1451 248 1509 P.
262 1454 391 1512 Valerius
404 1451 510 1514 Potitus
523 1457 630 1528 iterum,
653 1459 691 1515 M.
704 1457 806 1516 Furius
820 1458 962 1528 Camillus,
985 1459 1044 1516 Ser.
1059 1459 1151 1534 Sulpi·

184 1531 203 1602 ξ
217 1531 278 1588 cius
291 1532 385 1589 Rufus
405 1534 513 1601 iterum,
540 1533 573 1590 C.
587 1534 712 1610 Papirius
725 1536 852 1602 Crassus,
874 1535 910 1594 T.
922 1534 1067 1604 Quintius,
1083 1537 1151 1594 Cin·

189 1608 346 1667 reinnerus
359 1612 524 1668 secundum.
565 1613 653 1688 Cujus
676 1613 812 1688 principio
835 1613 901 1669 anni
925 1624 953 1669 et
973 1613 1100 1671 Patribus
1122 1625 1153 1672 et

184 1680 289 1760 e‘plebi
303 1689 502 1763 peropportune
515 1700 632 1747 exterus
645 1710 699 1765 pax
712 1691 793 1759 data;
819 1690 908 1766 plebi,
916 1691 1002 1764 qudd,
1018 1710 1074 1747 uon
1088 1711 1153 1750 avo-

217 1774 279 1820 cata
292 1765 413 1838 delectu,
427 1786 502 1841 spem
517 1768 601 1841 cepit,
609 1769 677 1824 dum
687 1778 743 1824 tam
756 1778 898 1842 potentem
912 1767 1026 1825 haberet
1038 1769 1153 1842 ducem,

218 1840 329 1899 soenoris
343 1844 536 1919 expugnandi;
566 1844 702 1916 Patribus,
726 1865 761 1902 ne
775 1865 830 1920 quo
842 1856 958 1903 externo
971 1857 1073 1920 terrore
1087 1865 1156 1904 aro·.

218 1930 346 1976 careatur
365 1921 449 1977 enimi
463 1922 498 1977 ab
512 1923 642 1978 sanandis
656 1922 814 1980 domesticis
827 1923 916 1979 malis.
955 1922 1051 1998 Igitur,
1065 1943 1153 1998 quum

217 2013 282 2068 pars
297 2007 410 2070 utraque
434 2000 521 2055 acrior
545 1998 683 2072 aliquanti>
707 2011 800 2057 coorta
822 2011 904 2069 esset,
925 2001 953 2056 iu
968 2001 1155 2074 propinquum,

185 2086 209 2125 aa
219 2087 360 2130 certamen
372 2074 465 2130 aderat
479 2092 506 2131 et
520 2076 651 2132 Manlius.
692 2075 835 2134 Advocati
849 2077 961 2134 domum
981 2077 1071 2152 plebe,
1085 2097 1151 2137 curn

218 2150 390 2224 principibus
410 2152 596 2208 novandarum
619 2173 711 2210 rerum
732 2155 852 2211 interdiu
872 2165 1009 2228 noctuque
1035 2156 1153 2214 consilia

219 2227 314 2302 agitat,
328 2228 433 2302 plenior
457 2229 596 2303 aliquanto
616 2232 769 2287 animorum
790 2232 954 2304 irarumque,
968 2230 1051 2305 qudm
1070 2243 1154 2295 antea

220 2302 316 2361 fuerat.
369 2306 444 2362 Iram
464 2307 631 2364 accenderat
645 2309 649 2324 ’“
657 2307 809 2382 ignominia
838 2327 936 2365 recens
955 2308 984 2364 iu
1004 2308 1096 2366 animo
1116 2313 1154 2370 ad

219 2382 416 2440 contumeliam
437 2383 597 2458 inexperto:
618 2385 728 2460 spiritus
741 2386 832 2452 dabat,
853 2384 924 2458 quod
948 2405 1001 2442 nec
1015 2405 1097 2442 ausus
1110 2407 1154 2445 es-

188 2470 262 2516 ffiset
287 2460 361 2516 idern
383 2461 410 2517 in
431 2480 461 2518 se
482 2462 607 2534 dictator,
635 2464 708 2536 quod
729 2463 758 2519 in
779 2464 826 2537 Sp.
848 2461 941 2520 Maelio
968 2463 1155 2524 Cincinnatus

220 2536 1153 2607 Quintidslecisset3etvinculorumsuoruminvidiamnondictator
1203 2615 1206 2620 Ι

221 2615 303 2670 modo
317 2615 473 2673 abdicando
486 2618 651 2676 dictaturam
666 2619 788 2694 fugisset,
803 2618 851 2675 sed
865 2638 901 2676 ne
915 2630 1027 2677 senatus
1040 2621 1153 2696 quidem

222 2693 358 2749 sustinere
371 2695 513 2768 potuisset.
554 2697 607 2753 His
621 2697 702 2754 simul
716 2695 827 2755 inflatus
837 2699 1082 2775 exacerbatusque,
1093 2698 1152 2777 jam

222 2786 271 2842 per
285 2788 314 2825 se
323 2787 456 2830 accensos
464 2773 597 2834 incitabat
604 2776 692 2851 plebis
702 2777 825 2836 animos:
847 2787 864 2815 ‘⁴
876 2778 1030 2852 Quousque
1039 2780 1153 2838 tandem

191 2855 216 2895 τί)
225 2845 413 2920 “ignorabitis
427 2850 497 2908 vires
510 2863 621 2922 vestras,
635 2873 703 2927 quas
713 2865 810 2918 natura
824 2875 859 2918 ue
872 2856 977 2918 belluas
989 2855 1100 2929 quidem
1114 2857 1154 2934 ig.

225 2931 243 2958 ‘⁸
253 2943 350 2981 notare
361 2925 465 2985 voluitl
487 2941 629 2990 numerate
643 2933 748 3002 saltem,
762 2945 828 3006 quot
841 2933 892 3008 ipsi
906 2934 974 3004 sitis,
984 2941 1049 3009 quot
1059 2933 1155 2997 adver*

225 3002 477 3063 “soriosbabeatis
500 3007 530 3066 Si
540 3007 641 3084 singuli
651 3009 774 3085 singulos
782 3011 936 3090 aggressuri
947 3010 1051 3081 essetis,
1061 3022 1154 3080 tamen
1255 3009 1258 3012 ’

225 3087 243 3118 “
253 3080 343 3138 acrius
356 3083 498 3142 crederem
512 3103 559 3144 vos
572 3105 620 3160 pro
633 3087 768 3158 libertate,
781 3089 863 3162 qudm
878 3088 938 3144 illos
947 3107 997 3162 pro
1009 3088 1155 3152 dominati.

225 3165 315 3226 “ona
329 3170 489 3218 certaturos.
528 3162 608 3223 Quot
627 3165 701 3221 enim
715 3166 831 3228 clientes
841 3166 917 3223 circa
930 3165 1051 3240 singulos
1065 3167 1155 3232 scistis

192 3244 216 3284 ὅ
225 3243 389 3310 “patronos,
402 3249 442 3296 tot
454 3258 530 3297 nuuc
544 3241 673 3301 adversus
686 3263 771 3302 unum
786 3245 892 3302 hostem
902 3243 986 3306 eritis.
1006 3244 1155 3308 Ostendite

226 3312 334 3370 “modo
348 3314 470 3386 bellum;
495 3337 593 3392 pacem
607 3321 751 3382 habebitis.
792 3320 913 3384 Videant
925 3340 972 3379 ros
991 3333 1098 3398 puratos
1118 3325 1155 3386 ad

227 3397 245 3426 ‘⁴
254 3390 327 3460 rim3
345 3391 390 3467 jus
403 3392 455 3469 ipsi
469 3395 615 3454 remittent.
644 3397 826 3476 'Audendum
840 3409 882 3455 est
895 3399 996 3473 aliquid
1010 3401 1154 3475 universis,

228 3475 246 3502 ‘⁶
255 3478 302 3525 aut
314 3470 407 3528 omnia
414 3471 530 3546 singulis
537 3476 674 3548 patienda.
694 3477 849 3552 Quousque
858 3495 902 3540 me
913 3477 1155 3553 circumspectabie

228 3551 247 3580 ‘⁶
255 3543 312 3601 tisl
345 3547 407 3624 Ego
416 3549 527 3624 quidem
537 3553 605 3613 ualli
614 3557 732 3614 vestrdrn
743 3556 842 3615 deero:
863 3574 899 3613 ue
914 3555 1021 3618 fortuna
1033 3575 1096 3618 mea
1108 3559 1156 3618 de-

97 3630 100 3652 ¹
194 3622 299 3692 aweit,
309 3625 407 3684 ridete.
428 3627 492 3703 Ipse
501 3630 601 3688 vindex
612 3643 709 3700 vester,
720 3633 768 3690 ubi
776 3634 865 3694 risum
873 3628 994 3698 inimicis
1003 3645 1053 3701 est,
1063 3637 1156 3698 nullus

229 3707 248 3736 ‘⁴
257 3701 369 3775 repens
383 3704 439 3763 fui:
458 3717 487 3766 et
499 3708 605 3765 vidistis
617 3709 646 3768 iu
660 3711 771 3768 vincula
791 3711 856 3770 duci
880 3711 999 3773 universi
1013 3730 1085 3798 eum,
1108 3717 1156 3795 qui

186 3867 192 3877 ¹
226 3785 272 3836 “a
284 3778 400 3856 singulis
414 3783 489 3842 vobis
503 3785 612 3846 vincula
625 3789 792 3866 depulerant.
831 3789 911 3860 Quid
925 3805 1043 3870 sperem,
1058 3792 1157 3875 siplae
