2638 4206
176 341 232 402 ιω
557 337 722 390 rrrrrsuu

166 457 170 501 ¹
212 481 292 540 utu.
312 481 330 516 ‘t
340 479 420 542 oue
432 481 546 538 unum
557 483 575 536 t
590 479 849 552 tranensem
857 479 936 556 vejrs
947 473 1109 540 tumtum

171 561 287 618 “ortum
300 559 344 631 sit,
357 569 493 632 ventoque
518 557 562 636 (ut
574 559 634 616 fieri
653 560 755 636 potest)
781 559 881 614 diffusa
902 557 1014 614 flamma
1033 571 1110 636 mag·

171 640 262 694 “nem
279 648 384 711 partem
408 637 484 692 urbis
504 637 649 706 absumat3
683 636 806 694 Fidenas
828 636 903 701 inde,
924 647 972 692 cut
992 635 1106 704 Gabios,

170 714 413 792 “aliemrequem
432 715 539 787 urbem,
569 714 710 789 quesituri
730 731 835 780 sumus,
856 712 909 787 qud
922 713 1108 788 transmigre-

169 794 279 849 “must
331 791 412 848 Adeo
438 792 506 850 nihil
533 804 609 850 tenet
629 793 717 850 solum
735 792 842 867 patrie,
861 811 916 848 nec
941 791 1004 848 hnc
1022 801 1105 860 term,
1126 806 1140 845 ⁵

168 875 278 944 “quam
299 881 414 928 matrem
444 871 635 946 appellemus;
669 871 718 927 sed
741 871 770 926 in
796 869 942 944 superficie
965 868 1105 946 tignisque

168 949 297 1022 “caritas
322 949 402 1006 nobis
422 949 516 1022 patrie
541 949 666 1024 pendetl
720 948 866 1022 Equidem,
894 947 999 1004 fatebor
1018 946 1104 1018 voltis,

168 1027 247 1083 “etsi
261 1025 351 1082 mimis
364 1026 483 1101 injuriae·
494 1037 599 1097 vestrae,
624 1027 705 1101 quim
728 1045 797 1082 meae
821 1025 995 1092 calamitatis,
1008 1025 1106 1082 rhemi·

167 1110 186 1144 “
196 1104 270 1160 nisse
280 1105 366 1180 juvet,
380 1123 465 1178 quum
478 1105 613 1177 abessem,
633 1105 858 1179 quotiescumque
878 1103 967 1178 patric
983 1103 1012 1160 in
1026 1121 1105 1160 rnen·

167 1188 250 1238 “tem
265 1183 380 1248 veniret,
402 1183 462 1238 haec
475 1182 570 1240 omnia
582 1183 775 1249 occurrebant,
790 1182 884 1253 colles,
907 1181 1061 1256 campique,
1077 1191 1140 1239 etto

166 1259 316 1326 “Tiberis
330 1270 359 1317 et
379 1271 490 1316 assueta
510 1260 600 1318 oculis
622 1261 708 1336 regio,
729 1271 758 1316 et
770 1261 824 1317 hoc
846 1259 957 1326 coelum,
976 1260 1029 1316 sub
1051 1277 1106 1334 quo

166 1346 185 1380 κ
195 1349 276 1395 uetus
289 1339 478 1413 educatusque
491 1357 580 1394 essem
594 1357 600 1394 :
627 1357 688 1413 quae
702 1356 757 1408 vos,
771 1338 906 1407 Quirites,
925 1355 1002 1395 nuuc
1014 1355 1106 1396 move·

166 1424 242 1473 ‘tent
254 1415 344 1491 potitis
357 1417 472 1473 caritate
485 1419 545 1487 sut,
568 1427 599 1472 ut
618 1417 755 1472 maneatis
774 1417 804 1473 in
824 1417 889 1472 sede
910 1413 1104 1491 reconquirit

165 1503 299 1569 “postem
323 1513 407 1568 quum
428 1493 594 1567 reliqueritis
612 1513 655 1561 ee,
678 1504 820 1551 macerent
839 1493 984 1552 desiderio.
1036 1493 1103 1552 Non

166 1573 255 1630 “sine
276 1574 373 1632 causd.
385 1571 434 1628 Dii
454 1571 636 1646 hominesque
651 1572 734 1630 hunc
757 1572 817 1628 urbi
838 1572 991 1628 condendae
1011 1571 1137 1629 locum1⁵

166 1651 347 1725 “elegerunt,
378 1649 573 1706 saluberrimos
597 1649 690 1720 colles,
712 1649 816 1706 fiumen
836 1660 1029 1724 opportunum,
1049 1668 1104 1724 quo

164 1736 231 1798 “per
245 1727 455 1784 mediterraneis
477 1727 547 1782 locis
572 1727 665 1802 fruger
690 1727 870 1793 devehantur,
896 1745 951 1802 quo
972 1727 1103 1785 maritimi

164 1809 363 1862 “commestus
383 1803 572 1877 accipientum
600 1823 677 1860 mare
695 1805 818 1862 vicinum
832 1805 866 1861 ad
881 1807 1100 1872 commoditates,

165 1893 248 1940 “nec
264 1882 419 1957 expositum
443 1881 529 1939 nimii
551 1882 755 1957 propinquitate
774 1884 808 1940 ad
828 1883 952 1958 pericula
971 1883 1102 1941 classium

164 1972 369 2019 “externorum
381 1980 388 2028 ;
418 1960 563 2035 regionum
588 1958 676 2016 ltaliee
696 1961 829 2036 medium,
849 1961 882 2016 ad
898 1963 1136 2019 incrementumffl
1173 2027 1178 2036 N

164 2039 379 2096 “urbisnatum
393 2036 475 2094 unice
488 2037 590 2097 locum.
631 2038 807 2114 Argumeutc
829 2049 871 2096 est
893 2040 952 2114 ipse
964 2039 1103 2116 magnitu-

164 2111 229 2175 “dc
250 2131 304 2176 tatu
326 2134 404 2172 novae
418 2115 512 2172 urbis:
539 2117 752 2176 trecentesimus
775 2118 964 2192 sexagesimus
988 2119 1102 2193 quintus

164 2188 283 2254 “unnus
296 2195 382 2266 urbis,
394 2192 530 2261 Quirites,
553 2193 662 2270 agitur;
692 2195 765 2252 inter
784 2206 825 2254 tot
845 2196 1003 2254 veterrimos
1016 2213 1102 2271 popu·

163 2267 232 2330 “los
244 2272 350 2331 tamdiu
364 2272 435 2328 bello
448 2271 563 2347 geritie3
593 2291 678 2348 quum
692 2273 807 2346 interea,
821 2292 858 2330 ne
871 2273 994 2348 singulas
1006 2274 1102 2348 loquer

162 2346 281 2421 “urbem
306 2371 362 2408 non
385 2349 528 2425 conjuncti
551 2367 616 2408 eum
637 2351 737 2426 AEquis
757 2351 862 2423 Volsci,
883 2361 992 2408 tottam
1011 2353 1134 2409 vulidaffi

162 2425 298 2504 “oppida¹
313 2447 369 2486 non
393 2429 522 2491 universa
542 2427 661 2499 Etruria,
682 2427 791 2486 tentum
811 2431 883 2485 tent
902 2429 1028 2504 marique
1045 2429 1102 2504 pol·

162 2502 262 2576 “lens
284 2517 365 2588 atque
386 2505 533 2571 interduo
554 2506 640 2562 meria
659 2506 833 2563 latitudinem
853 2507 982 2564 obtinens
1002 2507 1100 2575 Italis,

141 2580 263 2640 “‘bello
283 2582 359 2639 vohis
378 2599 427 2656 par
447 2592 498 2642 est.
544 2582 631 2642 Quod
650 2601 735 2658 quum
750 2585 788 2642 ite
801 2584 847 2652 sit,
867 2603 928 2659 qum
949 2584 1100 2664 (maluml)

89 2725 92 2735 ¹
161 2657 260 2718 “ratio
275 2671 322 2719 'est
344 2659 463 2734 expertis
486 2659 541 2718 ulia
560 2661 688 2736 experiri,
708 2681 794 2736 quum
811 2662 878 2737 jam,
892 2674 923 2720 ut
935 2663 1021 2721 virtus
1040 2681 1100 2720 res·

160 2737 232 2796 “tra
245 2739 362 2796 transire
376 2737 430 2805 alid
480 2739 539 2814 scit,
561 2738 671 2806 fortuna
694 2739 771 2796 certe
791 2739 846 2798 loci
864 2741 947 2816 hujus
959 2740 1133 2799 transferriffl

160 2816 246 2874 “nou
272 2817 381 2892 possitl
464 2817 491 2872 ic
517 2817 685 2891 Capitolium
706 2827 756 2888 est,
783 2818 830 2874 uhi
850 2819 989 2901 quondum
1009 2819 1100 2895 capite

159 2894 179 2932 “
189 2897 313 2952 humano
325 2895 439 2952 invento
450 2913 612 2969 responsum
625 2906 676 2967 est,
700 2913 736 2952 eo
746 2895 808 2961 loco
825 2907 909 2973 caput
921 2905 1013 2954 rerum
1025 2915 1100 2956 aum·
1146 2913 1150 2923 ’

159 2955 317 3046 “mamque
337 2971 445 3048 imperii
461 2972 552 3031 tore:
585 2973 640 3040 hro,
671 2991 755 3048 quum
783 2973 917 3050 auguretd
936 2974 1100 3034 liberaretur

159 3050 369 3124 “Capitolium
396 3049 531 3111 luventas
556 3051 772 3126 Terminusque,
795 3049 1030 3126 maximogeudio
1050 3069 1098 3126 pa-

160 3129 261 3183 “trum
284 3139 448 3201 nostrorum,
468 3129 572 3186 moveri
591 3147 621 3185 se
635 3147 690 3186 non
710 3129 804 3203 possi:
834 3131 881 3193 hle¹
894 3129 987 3186 Veste
1006 3128 1132 3204 ignes&

159 3203 358 3340 :hiqssan'pilip
377 3207 449 3271 coelo
468 3207 595 3278 demisse,
617 3207 663 3268 hic
674 3225 777 3269 ornnes·
791 3206 900 3293 propitii
919 3206 1097 3273 monentibus

188 3301 223 3342 ro
307 3301 335 3340 n.

199 3440 265 3498 Ltt
294 3438 415 3497 Movisse
428 3439 626 3499 convenimus
648 3459 735 3516 quum
756 3442 808 3499 alid
827 3442 960 3515 oratione,
973 3451 1041 3510 tum·
1052 3443 1097 3516 ed,

160 3537 222 3594 quar
235 3519 271 3582 ad
284 3518 432 3593 religiones
444 3519 612 3594 pertinebat,
625 3519 748 3578 maxime
761 3521 882 3579 dicitur:
912 3521 962 3578 scd
973 3520 1109 3579 ren-dua

161 3596 237 3653 biam
250 3596 372 3653 decrevit
385 3613 437 3652 vox
449 3609 600 3671 opportuna
620 3597 738 3668 cmissa;
771 3600 853 3672 quod,
876 3616 961 3674 quum
984 3607 1130 3658 senatus&

159 3670 221 3749 pdst
234 3672 315 3746 peuld
328 3673 363 3730 de
377 3672 420 3728 his
433 3673 516 3730 rebus
536 3675 565 3731 in
589 3675 665 3732 curid
687 3676 805 3734 Hostilii
829 3677 986 3752 haberetur,
999 3678 1097 3736 cohor·

160 3759 266 3840 tesquc,
281 3769 315 3808 ex
327 3748 462 3831 presidiis
481 3761 663 3834 revertentes,
677 3753 745 3812 sorte
766 3755 877 3831 agmine
895 3755 984 3816 fortun
997 3753 1096 3816 transi·
