2620 4200
159 315 217 378 222
447 321 450 330 v
540 305 607 358 nn
622 303 703 356 nvn

159 456 265 518 socium
284 453 391 518 edocet.
412 469 564 526 quoscum
590 451 624 508 iis
650 449 783 508 mittebat.
836 447 900 524 lpse
920 449 983 508 luce
1003 449 1092 526 prima

160 535 253 612 copias
265 549 362 589 omnes
382 531 505 604 pediturn
519 529 695 604 equitumque
716 529 744 584 iu
759 525 848 584 aciem
861 528 965 588 eduxit.
1005 528 1092 588 Pauld

158 613 221 690 pdst
233 621 261 668 et
273 609 308 666 ab
322 609 480 665 Hannibale
494 608 604 683 signum
617 625 718 682 puguae
732 605 898 680 propositum
911 617 962 677 est,
977 607 1093 666 clamor·

158 708 211 766 que
232 689 259 744 in
281 687 378 744 castris
398 687 433 742 ad
453 705 528 742 arma
548 685 762 742 discurrentium
785 694 827 740 est
851 684 990 742 sublatus:
1025 687 1091 744 inde

157 785 242 842 eques
256 767 393 852 pedesque
407 764 533 822 certatim
547 764 631 838 portis
644 779 733 828 ruere,
756 780 790 817 ac
803 761 885 835 palati
899 781 948 836 per
961 781 1090 838 campum
1112 777 1127 815 e

156 863 302 922 properare
317 844 351 898 ad
366 844 466 901 hostes.
506 842 587 902 Quos
602 841 648 898 ubi
662 839 763 896 effusos
776 840 872 896 consul
884 841 967 911 videt,
980 842 1091 900 tribuno

156 923 274 979 militum
288 922 375 977 tertiae
396 921 512 995 legionis
534 921 566 976 C.
581 917 773 991 Aurunculejo
795 917 920 992 imperat,
941 933 971 975 ut
984 920 1089 993 equites

156 999 283 1074 legionis,
297 1010 399 1073 quanto
412 999 532 1055 inaximo
550 999 653 1072 impetu
672 996 767 1070 possit,
788 995 817 1051 in
839 997 944 1052 hostem
964 999 1088 1054 emittat:

157 1088 175 1114 ‘⁶
188 1079 234 1143 ita,
262 1095 392 1151 pecorum
414 1077 495 1132 modo
515 1074 719 1150 incompositos
745 1083 802 1130 toto
821 1075 921 1148 passim
942 1093 1039 1150 campo
1059 1094 1090 1132 se

156 1165 175 1191 “
187 1155 300 1221 fudisse,
327 1165 357 1210 ut
377 1155 462 1211 sterni
482 1154 632 1228 obterique,
653 1152 810 1228 priusquam
831 1153 1009 1224 instruantur,
1029 1165 1127 1228 pos-ro

139 1234 269 1290 ·“sint.'’

195 1391 290 1448 XLII.
312 1391 444 1448 Nondum
453 1390 595 1447 Hannibal
609 1388 733 1446 ecastris
743 1388 860 1461 exierat,
870 1407 954 1462 quum
966 1407 1091 1465 pugnan-

156 1471 226 1528 tium
240 1469 387 1526 clamorem
403 1469 524 1525 audivit:
546 1469 645 1542 itaque,
669 1467 776 1522 excitus
788 1466 917 1534 tumultu,
938 1469 1036 1542 raptim
1054 1469 1088 1525 ad

156 1549 263 1606 hostem
276 1549 371 1622 copias
384 1547 448 1622 agit.
489 1547 552 1604 Jem
566 1547 667 1621 primos
687 1556 870 1619 occupaverat
889 1557 1014 1620 equester
1036 1556 1089 1603 ter·

155 1645 217 1684 ror:
247 1626 370 1700 peditum
384 1626 467 1682 etiam
488 1625 576 1699 prima
595 1624 667 1699 legio
681 1633 708 1678 et
728 1624 824 1678 dextra
843 1623 887 1678 ala
901 1623 1025 1698 proelium
1038 1625 1090 1681 ini·
1101 1639 1125 1682 rt

156 1703 232 1760 bant.
274 1703 454 1776 Inoompositi
469 1705 569 1772 hostes,
585 1716 614 1758 ut
627 1717 761 1774 quemque
776 1712 823 1757 aut
845 1702 931 1774 pediti
945 1711 993 1757 aut
1005 1702 1090 1775 equiti

156 1798 238 1838 casus
250 1780 358 1849 obtulit,
384 1780 423 1834 ita
449 1790 598 1835 conserunt
618 1797 726 1834 munus·
768 1778 877 1834 Crescit
890 1797 983 1854 pugna
1002 1779 1090 1836 subsi-

155 1859 218 1923 diis,
233 1868 261 1913 et
274 1857 492 1931 procurrentium
514 1858 548 1912 ad
568 1867 709 1913 certamen
722 1874 837 1912 numero
858 1867 992 1931 augetur:
1022 1875 1090 1932 pug-

155 1935 412 2010 nantesquelquod
427 1935 479 1990 nisi
501 1935 530 1990 in
544 1946 635 1991 vetere
649 1935 783 2005 exercitu,
797 1946 824 1992 et
838 1935 903 1992 duci
917 1935 1001 1990 veteri
1016 1935 1089 1993 haud

156 2015 237 2072 sacile
251 2015 305 2090 est)
330 2014 401 2069 inter
414 2013 561 2072 tumultum
585 2031 618 2068 ac
638 2023 768 2068 terrorem
789 2011 1125 2070 instruxisser'Henni-eo

156 2093 210 2158 bal,
224 2092 253 2148 ni
267 2089 422 2158 cohortium
437 2109 469 2146 ac
493 2091 698 2164 manipulorum·
718 2089 923 2147 decurrentium
937 2109 986 2164 per
1006 2091 1090 2148 colles

156 2169 267 2239 clamor,
288 2169 323 2224 ab
346 2182 423 2244 tergo
451 2169 570 2234 auditus,
597 2179 709 2236 metum,
741 2186 776 2225 ne
804 2168 1090 2226 intercluderentura

157 2247 261 2317 castris,
276 2247 424 2321 injecisset.
465 2247 535 2303 Inde
548 2264 630 2321 pavor
644 2247 781 2311 incussus,
795 2256 823 2302 et
837 2245 902 2320 suga
914 2247 1015 2320 passim
1030 2247 1090 2306 fieri

156 2337 246 2399 coepta
271 2337 331 2381 est:
365 2326 508 2398 minorque
529 2325 619 2381 caedes
639 2324 698 2393 fuit,
729 2325 794 2397 quia
820 2325 1007 2398 propinquitas
1031 2343 1090 2381 cas·

156 2413 256 2459 trorum
273 2403 424 2458 breviorem
439 2404 531 2476 sugam
551 2402 685 2476 perculsis
699 2403 772 2459 seuit.
813 2401 928 2477 Equites
947 2403 1021 2458 enim
1036 2415 1125 2459 ter-as

155 2499 192 2554 go
205 2481 395 2536 inhaerebant:
416 2481 444 2534 in
458 2492 612 2536 transversa
624 2481 709 2534 latera
728 2480 884 2536 invaserant
898 2482 1032 2550 cohortes,
1047 2499 1089 2537 se·

156 2557 256 2612 cundis
279 2557 394 2612 collibus
420 2558 463 2611 vie
493 2558 569 2614 nuda
589 2577 623 2612 ac
644 2556 718 2612 sacili
738 2557 925 2615 decurrentes.
977 2559 1087 2616 Tamen

156 2649 238 2708 supra
250 2643 313 2690 octo
328 2634 413 2688 millia
427 2633 568 2690 hominum
582 2634 694 2700 occisa;
724 2651 805 2706 supra
823 2636 1012 2711 septingentos
1025 2655 1087 2712 eap-

155 2712 193 2768 ti:
222 2712 301 2786 signa
315 2711 442 2767 militaria
455 2729 552 2767 novem
575 2711 720 2784 adempta:
753 2710 894 2786 elephanti
917 2717 1009 2786 etiam,
1022 2733 1088 2788 quo·

155 2809 216 2848 rum
229 2790 321 2846 nullus
335 2809 401 2845 usus
415 2789 443 2844 in
457 2789 602 2863 repentinis
619 2808 655 2845 ac
675 2788 852 2845 tumultuarii
875 2795 968 2866 pugna
989 2793 1123 2860 saeratae

154 2880 270 2943 quatuor
282 2868 377 2937 occisi,
398 2868 452 2924 duo
472 2867 553 2942 capti.
592 2868 691 2924 'Circa
711 2868 877 2942 quingentos
897 2870 1086 2926 Romanorum

155 2948 345 3020 sociorumque
369 2946 486 3018 victores
506 2946 676 3002 ceciderunt.
717 2945 829 3002 Postero
848 2947 893 3001 die
916 2947 1015 3002 Poenus
1028 2947 1086 3019 qui-

155 3023 226 3080 evit:
244 3023 401 3089 Romanus,
417 3025 444 3080 in
460 3024 547 3080 aciem
562 3025 649 3097 copiis
662 3024 779 3088 eductis,
793 3033 935 3098 postquam
944 3023 1085 3085 neminem

154 3101 235 3176 signa
256 3103 351 3158 contra
371 3102 468 3158 efferre
489 3102 565 3168 vidit,
587 3100 749 3176 spolia¹legi
763 3119 895 3158 cesorum
909 3101 1037 3174 hostium,
1058 3113 1086 3160 et

155 3197 265 3235 suorum
281 3198 394 3253 corpora
407 3181 505 3236 collata
528 3180 556 3236 in
574 3199 660 3236 unum
674 3177 782 3253 sepeliri
793 3180 880 3254 jussit.
922 3179 991 3236 lude
1013 3181 1119 3236 inse-³⁵

130 3302 132 3310 s
154 3256 302 3332 quentibus
315 3258 454 3314 continuis
467 3259 565 3314 diebus
579 3259 680 3332 aliquot
691 3258 730 3313 ita
744 3257 841 3314 institit
853 3257 946 3330 portis,
958 3269 987 3313 ut
1000 3260 1085 3332 propd
1133 3322 1135 3328 ,

155 3336 256 3392 inferre
269 3335 349 3410 signa
362 3336 516 3404 videretur;
547 3336 635 3392 donec
651 3335 790 3391 Hannibal
809 3335 888 3391 tertia
909 3335 1011 3410 vigilia,
1025 3355 1085 3393 cre-

155 3414 210 3470 bris
224 3413 335 3488 ignibus
348 3413 594 3487 tabernaculisque,
615 3432 676 3488 quae
697 3431 759 3487 pars
781 3425 930 3470 castrorum
945 3415 978 3470 ad
992 3415 1085 3471 hostes

155 3491 293 3563 vergebat,
308 3500 336 3547 et
348 3491 479 3547 Numidis
492 3492 597 3566 paucis,
617 3491 662 3564 qui
676 3490 704 3548 in
719 3491 788 3547 vallo
800 3491 937 3565 portisque
951 3511 981 3548 se
993 3503 1084 3560 osten-

155 3568 262 3636 derent,
289 3568 401 3633 relictis,
421 3569 560 3642 profectus
586 3569 716 3642 Apuliam
736 3579 828 3644 petere
849 3569 976 3626 intendit.
1028 3570 1121 3628 Ubim'

156 3641 253 3707 illuxit,
267 3645 401 3702 successit
414 3645 482 3700 vello
503 3646 632 3703 Romana
652 3647 742 3702 acies:
770 3655 798 3702 et
819 3645 949 3704 Numidae
963 3667 998 3705 ex
1011 3665 1084 3705 oom-

157 3719 244 3792 posito
257 3723 392 3798 paulisper
413 3722 440 3778 iu
461 3723 546 3797 portis
566 3742 595 3782 se
608 3723 732 3798 valloque
745 3725 931 3795 ostentavere3
952 3725 1083 3785 frustrati·
