2622 4194
154 343 191 402 1ss
535 339 602 393 Tttt
618 339 697 392 ntvrt

191 481 273 540 XIV.
294 481 359 541 Post
381 484 484 559 aliquot
502 503 598 555 annos,
618 484 763 560 propinqui
782 486 856 562 regis
880 487 957 546 Tatii
980 489 1128 572 legatos-3·

153 561 336 619 Laurentium
348 562 476 638 pulsant:
490 582 628 638 quumque
642 563 796 620 Laurentes
813 565 874 639 jure
887 567 1011 644 gentium
1022 588 1085 645 age·
1100 573 1113 630 ἱ,

153 648 226 705 rent,
240 640 312 714 apud
333 640 448 697 'I'atium
468 642 556 716 gratia
575 659 686 697 suorum
706 650 735 697 et
754 659 850 716 preoes
870 645 931 718 plris
950 635 1121 726 poterant.};

153 714 244 790 Igitur
266 716 374 774 illorum
396 737 506 792 poenarn
526 719 555 774 in
576 737 605 774 se
628 719 723 774 rertit:
744 737 808 774 narn
822 720 938 790 Lauinii,
952 740 1035 796 quum
1049 725 1113 804 ad,

153 794 268 851 solenne
282 796 450 866 sacrificium
470 795 504 852 ed
521 796 651 863 venisset,
665 813 802 852 concursu
817 797 899 870 laeto,
913 799 1084 857 interficitur.
1100 807 1116 863 ἱ,

153 869 226 928 Earn
239 891 297 929 rem
311 872 402 929 mimis
416 873 489 949 aegre
511 872 598 947 quam·
614 874 730 948 dignum
743 885 812 946 erat,
825 876 919 932 tulisse
933 877 1084 934 Romulum
1100 869 1129 970 ’ἓ

154 948 265 1019 serunt;
286 969 335 1007 seu
348 952 384 1007 ob
396 951 510 1008 infidam
524 951 683 1007 sooietatem
698 952 786 1026 regni,
801 971 850 1009 sou
872 955 936 1027 quia
958 955 1032 1010 haud
1045 955 1129 1011 iri-a..

151 1026 226 1104 jurid
248 1046 352 1084 caesum
372 1030 512 1086 eradebat.
553 1029 650 1102 ltaque
673 1029 745 1085 bello
757 1030 868 1103 quidem
886 1032 1035 1100 abstinuit:
1056 1043 1088 1089 ut

153 1115 249 1162 tamen
262 1106 438 1180 expiarentur
451 1107 604 1181 legatorum
623 1106 729 1181 injuriae
743 1108 869 1182 regisque
883 1109 983 1180 oaedes,
997 1109 1087 1166 fredus

154 1183 227 1239 inter
240 1182 362 1240 Romam
375 1185 577 1258 Laviniumque
600 1185 682 1239 urbes
704 1195 864 1241 renovatum
881 1196 932 1242 est.
973 1187 1010 1242 Et
1022 1206 1087 1244 oum
1097 1207 1133 1246 tov

154 1259 198 1316 his
211 1260 323 1334 quidem
344 1261 482 1337 insperata
501 1281 556 1336 pax
578 1272 652 1318 erat:
673 1261 748 1318 aliud
768 1262 853 1322 multd
873 1263 992 1338 p'ropids,
1006 1275 1092 1339 atque

153 1337 184 1394 in
206 1339 274 1413 ipsis
292 1338 377 1414 prope
390 1341 484 1414 portis,
506 1339 607 1395 bellum
629 1350 728 1396 ortum.
769 1339 928 1412 Fidenates,
948 1341 1031 1398 nimis
1051 1343 1100 1398 ri«-

153 1416 233 1473 oinas
254 1435 340 1491 prope
362 1435 393 1473 se
416 1417 610 1475 convalescere
633 1436 700 1492 opes
724 1417 786 1488 rati,
806 1418 964 1493 priusquam
981 1430 1099 1476 tantum·

153 1494 259 1552 roboris
272 1504 354 1562 esset,
368 1506 501 1570 quantum
522 1495 643 1550 futurum
658 1496 814 1570 apparebat,
828 1507 968 1570 occupant
987 1497 1089 1554 bellum

153 1570 255 1629 faeere.
297 1573 314 1629 J
317 1584 448 1630 uventute
462 1574 568 1631 armata
581 1573 713 1642 immissa,
728 1583 848 1628 vastatur
859 1575 918 1648 agri
928 1576 1000 1646 quod
1018 1575 1090 1632 iuter
1100 1597 1140 1636 ιω

153 1648 258 1706 Urbem
273 1669 306 1706 ao
320 1651 443 1706 Fidenas
456 1661 505 1707 est.
546 1651 617 1706 Inde
640 1651 673 1705 ad
698 1649 793 1705 laevam
816 1651 896 1722 versi,
910 1652 975 1724 quia
994 1653 1104 1708 deutra·

153 1725 268 1784 Tiberis
281 1728 404 1794 arcebat,
423 1747 487 1784 eum
508 1728 611 1801 magnit
633 1727 815 1801 trepidatione
835 1730 985 1802 agrestium
1005 1748 1091 1804 popu·

153 1805 264 1861 lantur:
285 1806 474 1879 tumultusque
488 1823 596 1879 repens,
611 1823 645 1860 ex
666 1803 739 1878 agris
758 1804 787 1860 in
810 1805 915 1860 Urbem
928 1805 1028 1877 illatus,
1042 1825 1092 1881 pro

154 1882 255 1939 nuntio
267 1883 327 1939 suit.
367 1882 484 1938 Exoitus
498 1882 637 1960 Romulus
652 1880 755 1956 (neque
768 1881 842 1938 enim
861 1883 1024 1939 dilationem
1035 1883 1106 1957 pati.
1147 1929 1151 1943 ,

154 1970 211 2016 tam
234 1960 358 2017 vicinum
381 1960 484 2016 bellum
504 1961 624 2036 poterat)
647 1959 801 2015 exereitum
826 1960 938 2016 educit:
966 1971 1057 2017 eastra
1076 1978 1127 2022 tao

155 2037 273 2094 Fidenis
286 2038 361 2094 mille
381 2055 512 2112 passuum
532 2037 620 2093 locat:
648 2037 687 2092 ibi
707 2037 816 2096 modico
838 2038 965 2112 praesidio
986 2038 1091 2106 reliot0,

153 2133 284 2190 egressus
296 2116 427 2172 omnibus
447 2114 543 2190 copiis,
557 2124 663 2189 partem
684 2115 801 2171 militurn
822 2117 892 2174 loeis
911 2116 988 2172 eirea
1006 2117 1095 2172 densa

155 2193 246 2250 obsita
265 2193 384 2268 virgulta
405 2193 532 2251 obscuris
554 2193 697 2250 subsidere
720 2193 749 2249 in
773 2193 881 2251 insidiis
898 2193 1001 2268 jussit;
1028 2211 1093 2250 oum

154 2281 233 2346 parte
246 2272 353 2347 majore
363 2283 444 2346 atque
457 2272 534 2329 omni
549 2272 671 2346 equitatu
684 2271 833 2345 profectus,
850 2271 891 2345 (id
905 2272 977 2343 quod
991 2289 1095 2344 quaere·

155 2349 217 2428 bat)
232 2350 403 2408 tumultuoso
415 2360 444 2406 et
456 2350 560 2406 minaei
573 2367 677 2422 genere
696 2365 808 2422 pugnae,
822 2348 1014 2420 adequitando
1028 2349 1130 2423 ipsisne
1222 2419 1226 2430 ,

155 2428 241 2502 prope
254 2429 348 2502 portis,
363 2429 470 2484 hostem
492 2427 610 2482 excivit:
631 2425 704 2498 fugae
724 2443 841 2498 quoque,
862 2445 922 2498 quae
936 2426 1108 2482 simulanda:

156 2513 225 2571 erat,
240 2505 339 2560 eadern
352 2504 486 2576 equestris
499 2520 714 2578 pugnaoausam
727 2500 821 2560 minito
834 2503 989 2560 mirabilem
1002 2503 1095 2560 dedit:

156 2593 186 2638 et
204 2599 298 2654 quum,
323 2581 397 2638 velut
417 2581 488 2636 inter
505 2599 606 2656 pugna
627 2579 754 2654 fugaeque
774 2581 920 2637 eonsilium
940 2582 1096 2657 trepidante

157 2659 292 2733 equitatu,
305 2659 392 2733 pedes
404 2677 512 2733 quoque
525 2657 641 2714 referret
652 2658 778 2732 gradum,
792 2658 882 2732 plenis
901 2660 1015 2733 repente
1036 2678 1097 2734 pos·

157 2737 194 2794 tis
207 2737 287 2794 effusi
301 2738 403 2804 hostes,
418 2737 537 2812 impulsa
557 2736 688 2794 Romani
709 2736 780 2808 aoie,
799 2736 890 2793 studio
913 2736 1035 2793 instandi
1056 2755 1098 2793 se
1106 2760 1138 2799 so:

158 2815 317 2890 quendique
342 2816 488 2872 trahuntur
511 2815 547 2870 ad
565 2813 658 2870 loourn
684 2813 854 2870 insidiarum.
908 2814 979 2871 lude
1005 2812 1100 2872 subitd

63 2922 69 2926 ·
159 2894 250 2951 exorti
269 2894 392 2951 Romani
406 2903 593 2950 transversam
611 2891 746 2948 invadunt
757 2892 878 2948 hostiurn
899 2893 998 2948 aoiem.
1038 2894 1098 2949 Ad-

159 2972 231 3028 dunt
249 2990 378 3046 pavorem
398 2981 473 3028 mota
493 2989 508 3026 e
528 2969 720 3044 eastrissigna
738 2988 844 3034 eorum,
857 2971 904 3042 qui
925 2970 953 3026 in
968 2969 1097 3043 praesidio
1144 2961 1147 2996 ⁴

160 3049 252 3107 relioti
276 3049 404 3107 fuerant:
432 3048 471 3106 ita
492 3047 639 3122 multiplici
657 3058 762 3104 terrore
789 3047 908 3122 perculsi
936 3045 1097 3114 Fidenates,

160 3126 238 3202 priris
257 3145 336 3201 paene
356 3127 438 3202 quam
463 3126 612 3193 Romulus,
635 3124 737 3199 quique
757 3143 821 3180 oum
842 3143 876 3180 eo
898 3124 976 3197 equis
998 3123 1135 3190 ierantas

161 3205 386 3280 oiroumagerent
398 3205 484 3266 frenis
497 3223 592 3278 equos,
605 3214 685 3276 terga
694 3212 821 3270 vertunt3
835 3200 975 3275 multdque
985 3201 1101 3258 effusius

164 3283 279 3360 (quippe
300 3300 364 3339 vera
384 3283 473 3361 fuga),
487 3283 533 3358 qui
555 3281 717 3338 simulantes
729 3278 811 3354 paulti
824 3279 887 3336 ants*
901 3279 989 3336 secuti
1009 3290 1098 3349 erant,

122 3349 144 3408 ‘1
162 3361 301 3440 oppidum
308 3362 486 3436 repetebant:
507 3379 563 3417 nou
578 3370 670 3416 tamen
685 3358 810 3433 eripuere
830 3376 860 3413 se
880 3357 970 3414 nati:
990 3357 1100 3414 haerens

163 3439 194 3498 in
207 3448 286 3515 terga
298 3439 455 3510 Romanus,
468 3436 543 3514 priris
556 3435 640 3512 quam
653 3435 726 3496 sores
744 3445 887 3512 portarum·
903 3434 1099 3510 objicerentur,

163 3515 240 3575 velut
252 3516 364 3594 agmine
377 3535 434 3574 uno
446 3515 580 3591 irrumpit.
1108 3535 1135 3576 so

160 3627 165 3644 ’
203 3670 271 3730 xv.
290 3673 362 3732 nen
382 3671 528 3730 strenam
540 3670 708 3746 coaugens
725 3669 821 3729 nom
841 3669 1002 3746 vejemam
1015 3669 1102 3728 anmi

165 3760 195 3810 et
206 3749 451 3827 consaguinitate
464 3751 543 3823 (nam
557 3749 709 3808 Fidenates
720 3767 829 3825 quoque
841 3748 955 3808 Etrusci
967 3749 1104 3826 luerunt),
