2638 4206
156 347 210 430 ιω
375 336 381 340 ’
534 363 600 413 τιτι
616 365 697 414 mvn

193 507 255 566 LV.
275 505 327 562 Per
341 505 505 581 interregem
527 505 627 562 deinde
647 506 775 563 consules
789 497 882 574 creati,
898 505 929 562 L.
945 505 1116 586 Valerius?

155 587 195 646 M.
209 583 356 653 Horatins;
377 583 423 657 qui
437 584 573 658 extemplo
593 585 781 658 magistratum
802 596 986 658 occeperunt:
1020 590 1110 660 quo-i,

155 683 215 722 rum
227 661 384 719 consulatus
397 661 535 736 popularis
555 663 614 718 sine
639 662 692 717 ulle
707 662 818 717 Petrum
833 662 942 736 injurii,
956 679 1009 717 nec
1024 663 1083 718 sine
1098 679 1117 752 ἒ

154 741 306 800 offensione
320 740 386 796 fuit:
407 739 538 813 quidquid
556 741 633 795 enim
653 739 770 796 libertati
784 739 872 812 plebis
885 731 1035 811 caveretur,
1056 740 1104 796 id·

154 820 212 877 suis
225 817 361 875 decedere
377 818 475 891 opibus
499 818 656 874 credebant.
675 851 678 861 ,
697 816 832 873 Omnium
852 818 979 891 primum,
999 816 1113 892 quum?

155 897 238 954 veluti
253 896 282 952 in
296 906 469 952 controverso
486 895 548 970 jure
562 907 643 961 esset,
658 891 854 951 tenerenturne
878 895 972 951 Patres
986 895 1084 968 plebis·
1099 880 1113 921 ’⁰

155 975 240 1044 scitis,
254 974 344 1048 legem
358 973 517 1032 centuriatis
531 974 650 1030 comitiis
670 973 765 1043 tulere,
788 978 805 1008 “
816 972 862 1038 Ut,
876 973 948 1046 quod
963 940 1119 1046 tributim}

155 1053 279 1128 “plebes
296 1051 430 1126 jussisset,
452 1051 582 1125 populum
603 1051 752 1106 teneret:”
785 1053 838 1124 quet
852 1049 913 1126 lege
931 1051 1085 1106 tribuniciis

154 1129 343 1204 rogationibus
362 1129 446 1185 telum
468 1130 631 1185 acerrimum
653 1128 747 1184 datum
768 1139 818 1184 est.
871 1127 964 1183 Aliam
985 1128 1085 1183 deinde

155 1208 327 1266 consularem
342 1207 432 1280 legem
447 1207 480 1262 de
494 1205 695 1281 provocatione,
710 1207 823 1262 unicum
837 1207 994 1280 praesidium
1008 1205 1119 1261 liber-10

154 1287 227 1358 tatis,
253 1285 428 1341 decemvirali
449 1295 581 1358 potestate
602 1293 732 1353 eversam,
754 1303 808 1340 non
830 1284 976 1339 restituunt
997 1281 1085 1350 modo,

155 1365 205 1422 sed
229 1363 311 1419 etiam
332 1363 518 1437 inposterum
539 1363 677 1430 muniunt,
699 1363 849 1417 sanciendo
868 1373 966 1417 novam
987 1361 1085 1434 legem,

156 1449 175 1480 ‘⁶
185 1441 230 1498 Ne
244 1441 304 1515 quis
317 1441 403 1496 ullum
417 1441 604 1514 magistratum
619 1441 678 1495 sine
691 1440 883 1514 provocatione
898 1449 1019 1494 crearet:
1040 1439 1086 1512 qui

155 1523 174 1556 “
184 1520 314 1589 creasset,
328 1519 448 1593 eum-jus
462 1519 554 1592 fasque
569 1528 640 1573 esset
653 1517 744 1574 occidi
757 1537 763 1572 :
783 1535 853 1572 neve
866 1535 900 1572 ea
913 1517 1003 1572 credes
1014 1517 1087 1589 capi·

156 1597 246 1654 “talis
259 1615 337 1652 noxas
351 1597 532 1668 haberetur&
566 1595 603 1670 Et
616 1597 700 1668 quum
714 1595 822 1668 plebem
841 1595 907 1650 hinc
920 1595 1086 1668 provocatio·
1097 1607 1119 1645 15
1157 1609 1160 1619 ’

155 1693 201 1745 ne,
215 1675 281 1730 binc
295 1674 443 1729 tribunicio
458 1674 558 1729 auxilio
572 1673 637 1729 satis
650 1673 812 1738 firmissent,
835 1672 900 1746 ipsis
921 1691 1027 1744 quoque
1042 1672 1088 1726 tri·

155 1751 248 1824 bunis,
268 1761 298 1806 ut
312 1751 478 1806 sacrosancti
499 1752 656 1806 riderentur
679 1749 772 1824 (cujus
793 1750 832 1805 rei
853 1748 937 1824 propi>
955 1749 1012 1824 jum
1032 1745 1088 1804 mess

155 1829 243 1886 moria
268 1827 446 1904 aboleverat),
475 1828 567 1884 relatis
586 1829 750 1901 quibusdam
772 1847 806 1883 ex
826 1846 927 1901 magno
947 1827 1088 1883 intervallo

156 1906 331 1978 caerimoniis,
355 1906 539 1974 renovrirunt3
569 1917 596 1962 et
609 1925 692 1980 quum
713 1905 846 1980 religione
867 1905 1014 1960 inviolatos
1030 1924 1086 1972 eos,

155 1994 215 2041 tum
240 1985 302 2058 lege
330 1983 411 2038 etiam
440 1984 574 2049 lecerunt,
603 1984 764 2050 sanciendo,
798 1983 870 2050 “Ut,
898 1983 944 2055 qui
972 1982 1121 2038 tribunisno

157 2066 177 2100 “
188 2062 284 2136 plebis,
299 2061 432 2130 aedilibus
451 2061 600 2134 judicibus,
620 2061 782 2117 decemviris
800 2061 949 2126 nocuisset,
970 2060 1030 2133 ejus
1044 2079 1089 2116 ca-

157 2144 236 2213 “put
249 2138 311 2194 Jovi
332 2156 440 2194 sacrum
461 2148 548 2194 esset:
577 2139 681 2201 sensilia
701 2139 735 2194 ad
750 2139 836 2194 aedem
851 2138 968 2212 Cereris
985 2138 1087 2208 Liberi,

158 2216 350 2289 “Liberaeque
371 2234 471 2272 venum
492 2217 571 2272 iret.'’
621 2217 684 2272 Hac
705 2217 766 2291 lege
784 2217 853 2291 juris
867 2217 1028 2289 interpretes
1041 2234 1089 2271 rre-

157 2305 224 2371 gant
237 2313 400 2368 quemquam
425 2305 631 2352 sacrosanctum
652 2313 730 2351 esse:
765 2295 812 2350 sed
833 2313 906 2362 eum,
927 2294 973 2366 qui
993 2311 1087 2348 eorum

158 2373 287 2446 cuiquam
301 2372 435 2439 nocuerit,
451 2391 560 2429 sacrum
574 2373 685 2428 sanciri.
726 2373 822 2445 Itaque
843 2372 949 2427 aedilem
974 2371 1121 2444 prebes-25

158 2451 186 2506 di
201 2450 321 2524 ducique
341 2469 357 2504 a
376 2451 524 2523 majoribus
544 2451 766 2523 magistratibus:
797 2451 867 2522 quod
882 2449 933 2504 etsi
954 2468 1009 2504 non
1028 2449 1089 2522 jure

157 2528 205 2584 liat
227 2527 334 2604 (noceri
355 2526 480 2598 enimsi,
502 2527 547 2582 cui
568 2528 620 2582 hac
640 2527 702 2602 lege
714 2547 770 2583 non
785 2527 890 2603 liceat),
905 2539 996 2602 tamen
1012 2545 1090 2600 argu·

158 2614 283 2662 mentum
297 2623 366 2669 esse,
382 2622 437 2660 non
451 2604 545 2660 haberi
559 2623 608 2679 pro
621 2616 796 2678 sacrosancto
810 2605 916 2660 oedilem
930 2625 936 2658 :
966 2605 1090 2660 tribunos

158 2692 249 2738 vetere
261 2681 439 2756 jurejurando
452 2682 549 2757 plebis,
560 2701 645 2755 quum
659 2681 844 2757 primbmeam
858 2692 1019 2756 potestatem
1032 2699 1090 2737 cre·

159 2761 224 2827 avit,
240 2769 429 2816 sacrosanctos
443 2779 513 2816 esse.
552 2759 654 2827 Fuere,
669 2761 715 2834 qui
724 2761 977 2835 interpretarentur,
991 2761 1089 2815 eriderrr
1099 2766 1121 2806 3s

158 2840 212 2896 hac
227 2838 343 2896 Horatii
356 2837 418 2912 lege
431 2839 590 2895 consulibus
610 2857 717 2912 quoque
740 2852 768 2896 et
788 2839 955 2913 praetoribus,
969 2839 1034 2911 quia
1047 2837 1091 2893 iis·

159 2918 222 2974 dem
242 2915 382 2991 auspiciis,
401 2917 500 2990 quibus
526 2917 666 2988 consules,
688 2929 855 2982 crearentur,
877 2928 988 2972 cautum
1009 2933 1090 2970 esser

158 2995 280 3070 judicem
301 2994 377 3050 enim
397 2995 539 3051 consulem
560 2996 709 3070 appellari:
729 3015 790 3068 quae
810 2995 941 3051 refellitur
961 2994 1092 3064 interpre-

160 3072 236 3141 tatio,
250 3071 321 3145 qubd
337 3072 379 3128 his
393 3073 560 3146 temporibus
581 3074 703 3129 nondum
725 3073 865 3129 consulem
884 3071 1018 3146 judicem,
1042 3069 1090 3124 sed

159 3159 313 3226 praetorem,
328 3150 458 3226 appellari
473 3169 531 3207 mos
545 3151 634 3208 fuerit.
675 3151 727 3206 11ae
741 3151 899 3207 consulares
917 3148 992 3222 leges
1006 3147 1090 3202 fuere.
1099 3155 1125 3194 ³⁵

161 3225 322 3284 institutum
332 3228 414 3284 etiam
424 3230 458 3284 ab
465 3228 562 3284 iisdem
571 3229 741 3296 consulibus,
758 3240 787 3285 ut
804 3224 1092 3284 senatus-consultam

161 3306 249 3362 aedem
263 3303 374 3360 Cereris
388 3307 422 3361 ad
437 3307 530 3363 aediles
549 3307 637 3381 plebis
657 3307 845 3375 deferrentur3
873 3323 934 3379 quer
956 3314 1038 3359 antea
1052 3321 1094 3358 ar·

161 3383 242 3441 bitrio
254 3383 399 3440 consulum
420 3385 658 3459 supprimebantur
681 3385 908 3458 vitiabanturqne.
948 3381 988 3438 M.
1003 3379 1093 3436 Duili·
1154 3403 1158 3407 ·

161 3469 196 3518 us
208 3461 318 3527 deinde,
333 3461 459 3517 tribunus
472 3463 568 3536 plebis,
582 3463 689 3536 plebem
704 3463 818 3540 rogavit,
832 3462 979 3536 plebesque
993 3459 1091 3515 scivit:
1144 3505 1146 3515 ,

162 3541 239 3614 “qui
252 3538 360 3614 plebem
381 3539 441 3595 sine
461 3540 578 3597 tribunis
597 3540 761 3614 reliquisset,
783 3541 882 3615 quique
903 3537 1126 3612 magistratuum

162 3616 249 3673 “sine
269 3617 461 3692 provocatione
481 3617 611 3688 creisset,
642 3628 719 3694 tergo
749 3637 783 3676 ec
813 3619 901 3692 capite
921 3615 1091 3692 puniretur.”

163 3691 234 3752 Haec
261 3694 355 3752 omnia
381 3705 412 3750 ut
439 3695 540 3768 invitis,
570 3697 608 3752 ita
640 3715 695 3753 norr
726 3697 942 3767 adversantibus,
973 3692 1095 3768 patriciis

162 3781 315 3842 transacta;
335 3771 400 3849 quia
412 3772 534 3831 nondum
548 3774 576 3830 in
590 3790 755 3850 quemquam
769 3793 855 3834 unum
869 3774 1037 3833 seviebatur.
