2638 4206
502 289 603 340 LIBER
617 290 661 340 vt.
678 307 738 342 our.
754 307 808 342 xvr.
1092 295 1149 353 lau

221 434 243 469 “
253 429 319 496 diat,
334 447 387 486 nec
398 429 526 488 adversus
533 431 646 490 Latinos
658 433 857 508 Hernicosque,
868 445 934 506 quos
942 429 1016 506 salsis
1026 430 1151 488 orimini1

224 514 244 547 ‘⁶
255 509 306 564 bus
319 507 347 562 in
362 512 436 562 aima
449 519 541 584 agant,
555 512 602 566 sed
617 511 745 566 adversus
759 531 788 567 se
802 530 835 566 ac
858 501 965 584 plebem
981 504 1148 580 Romanam,

223 591 242 624 ‘⁶
253 586 618 644 dictatoremcreatumesae.
639 587 981 660 Jam‚omissobello,quod
990 586 1149 642 simulatum

222 668 241 700 ‘⁴
252 663 294 730 sit,
309 662 336 717 in
350 679 379 716 se
395 662 524 736 impetum
539 665 616 720 lieri:
634 665 690 740 jam
705 665 864 721 dictatorem
876 663 993 738 profiteri
1003 663 1148 737 petrocini-

200 744 241 798 5“
250 757 296 795 um
311 739 504 796 soetteretorum
518 743 647 798 adversus
657 743 782 816 plebem:
800 743 856 818 jam
871 741 922 797 sibi
933 759 969 796 ex
981 741 1071 796 lavore
1080 739 1151 796 mula

193 837 197 848 ·
222 817 375 872 “titudinis
396 818 501 874 crimen
523 829 551 874 et
570 819 720 893 perniciem
741 821 834 895 quaeri.
874 817 1028 889 Offendit,''
1049 817 1146 890 inquit,

221 900 240 934 ‘⁶
250 905 286 958 te.
303 899 337 951 A.
352 895 472 965 Corneli,
485 907 594 970 vosque,
609 897 704 953 Patres
717 897 874 972 conscripti,
888 896 1055 952 circumfusa
1067 893 1148 951 turba

220 972 328 1029 “lateri
351 975 432 1028 meol
471 973 550 1033 Quin
577 993 638 1030 eam
665 974 795 1031 diducitis
821 993 837 1030 a
860 993 903 1030 me
930 973 1031 1048 singuli
1051 972 1147 1029 vestris

219 1056 238 1086 ‘⁵
249 1049 401 1120 beneficiis,
414 1051 620 1122 intercedendo,
643 1053 789 1108 eximendo
802 1052 836 1108 de
851 1069 936 1107 nervo
946 1050 1021 1106 cives
1034 1061 1145 1120 vestros,

188 1143 211 1183 ra
220 1132 238 1166 ‘⁶
250 1128 419 1200 prohibendo
428 1128 569 1202 judicatos·
578 1130 755 1203 addictosque
774 1128 848 1196 duci,
872 1147 906 1184 ex
919 1147 961 1198 eo,
975 1129 1046 1202 quod
1061 1127 1147 1184 affluit

220 1205 346 1277 “opibus
375 1206 481 1271 vestris,
512 1207 672 1263 sustinendo
701 1207 878 1263 necessitates
898 1205 1037 1261 alioruml
1089 1205 1145 1260 Sed

220 1288 238 1318 “
249 1281 313 1354 quid
327 1301 378 1356 ogo
391 1301 449 1353 vos,
463 1284 497 1339 de
517 1295 606 1340 vestro
617 1284 789 1358 impendatis,
803 1283 914 1340 hortorl
944 1284 1050 1339 Sortem
1064 1281 1147 1338 aliam

218 1363 239 1396 ¹⁰
250 1359 333 1415 ferte:
362 1361 497 1434 decapite
511 1361 649 1433 deducite,
662 1363 733 1435 quod
748 1362 837 1417 usuris
850 1371 1070 1436 pernumeratum
1084 1371 1144 1415 est:

212 1434 301 1508 sejam
315 1437 405 1492 nihilo
415 1455 476 1494 mea
491 1438 584 1506 turbu„
600 1440 683 1511 quim
697 1439 786 1504 ullius,
800 1437 973 1512 conspectior
986 1437 1045 1492 orit.
1086 1436 1146 1492 ‘At
1206 1437 1212 1448 ’

186 1513 351 1583 ostentm,
374 1513 438 1587 quid
461 1515 499 1570 ita
521 1515 595 1572 solus
612 1535 669 1590 ego
695 1516 796 1572 civium
817 1535 910 1572 curam
932 1514 1024 1589 agol‘
1057 1513 1149 1570 nihilo

218 1595 236 1628 “
247 1591 342 1664 magis,
356 1591 428 1664 quod
442 1593 632 1666 respondeam,
646 1593 742 1663 habeo,
765 1594 846 1666 quim
865 1594 888 1649 si
901 1611 1014 1666 queres,
1027 1591 1092 1666 quid
1106 1590 1146 1649 ita

218 1668 320 1724 “solus
334 1668 500 1742 Capitolium
510 1685 656 1744 arcemque
669 1671 839 1726 servaverim.
879 1663 916 1726 Et
928 1677 988 1726 tum
1001 1667 1142 1735 universis,
1224 1727 1228 1734 ,

217 1751 326 1820 “quam
353 1746 436 1820 potui,
462 1765 542 1820 opem
569 1747 626 1813 tuli,
650 1760 678 1804 et
699 1765 776 1804 nunc
799 1746 914 1821 singulis
934 1745 1028 1802 seram.
1068 1745 1145 1802 Nam

217 1823 316 1896 “quod
343 1824 378 1880 ad
401 1825 542 1880 thesauros
563 1825 684 1882 Gallicos
696 1825 801 1895 attinet,
828 1843 896 1891 rem,
923 1824 1018 1898 sudpte
1045 1825 1144 1879 naturl·

182 1905 235 1955 m“
246 1900 365 1970 facilem,
379 1901 520 1958 difficilem
539 1902 715 1977 interrogatio
736 1902 817 1959 facit:
850 1921 899 1958 cur
922 1901 996 1957 enim
1009 1900 1144 1974 quaeritis,¹

216 1978 317 2050 “quod
331 1977 429 2033 scitisl
463 1993 521 2044 cur,
542 1980 614 2052 quod
638 1981 666 2036 iu
688 1981 749 2036 sinu
763 1990 852 2036 vestro
864 1989 915 2045 est,
930 1977 1022 2034 excuti
1039 1975 1142 2052 jubetis

217 2059 235 2090 ‘⁶
246 2051 342 2127 potitis,
357 2054 439 2127 quiam
452 2056 570 2128 ponatis,
582 2057 636 2114 nisi
649 2055 739 2130 aliqua
756 2056 830 2112 haus
843 2056 958 2112 subestl
997 2053 1064 2116 Quo
1086 2071 1144 2110 ma·

216 2131 289 2204 “gis
302 2132 380 2205 argui
393 2132 545 2206 prestigias
558 2133 659 2207 jubetis
673 2143 783 2201 vestras,
804 2132 838 2190 ed
850 2134 915 2208 plhs
927 2148 1030 2199 vereor,
1044 2149 1080 2188 ne
1094 2132 1142 2188 ab·

216 2208 375 2264 “staleritis
394 2209 601 2266 observantibus
625 2211 710 2267 etiam
733 2211 835 2267 oculos.
887 2211 984 2282 Itaque
1004 2227 1058 2266 non
1078 2227 1140 2283 ego,

181 2290 234 2340 sa“
246 2285 321 2342 vobis
334 2297 364 2342 ut
377 2286 497 2342 indicem
511 2287 618 2362 predas
631 2298 740 2357 usuras,
761 2288 809 2344 sed
832 2305 880 2343 vos
893 2287 921 2342 id
935 2285 1052 2360 cogendi
1064 2286 1140 2352 estis,

215 2369 275 2420 “ut
288 2364 316 2419 iu
331 2364 451 2420 medium
463 2364 633 2438 proleratia'’

150 2555 154 2564 ι
251 2517 333 2575 XVI.
364 2518 460 2580 Quum
481 2520 590 2578 mittere
614 2520 744 2596 ambages
764 2521 882 2578 dictator
901 2516 1019 2594 juberet,
1046 2525 1141 2577 etant

213 2614 344 2670 peragere
358 2615 451 2654 verum
466 2598 599 2656 indicium
613 2608 733 2673 cogeret,
748 2609 795 2654 aut
815 2597 892 2654 fateri
906 2597 1013 2654 lacinus
1026 2595 1141 2654 insimu-
1160 2621 1166 2635 ·

213 2673 260 2730 lati
274 2674 343 2730 salso
354 2675 469 2732 crimine
482 2678 601 2742 mouths,
614 2676 766 2749 oblataque
780 2675 842 2732 sani
857 2675 920 2731 furti
933 2675 1062 2744 invidiae3
1092 2693 1140 2731 ne·

180 2763 333 2838 uagantem,
347 2752 458 2808 arbitrio
471 2753 644 2841 inimicorum
657 2772 687 2810 se
707 2753 879 2856 locut'urupt,
892 2753 920 2808 in
941 2752 1055 2840 uincula·
1073 2750 1139 2840 duci
1150 2805 1170 2840 A,

210 2829 513 2979 lhhrlfhhr
526 2842 647 2980 alh&
662 2830 844 2978 lllhh,
863 2829 1139 2978 hhll‘llhss
1164 2873 1169 2924 -2

213 2987 232 3018 “
243 3001 329 3056 aeque,
344 2983 390 3056 qui
405 2984 572 3058 Capitolium
592 3001 738 3058 arcemque
751 2983 878 3052 incolitis,
901 2981 1005 3038 siccine
1017 2991 1137 3038 vestrum

212 3061 357 3116 “militem
378 3079 411 3118 ac
431 3061 573 3134 praesidem
597 3061 686 3118 sinitis
711 3063 802 3120 vexari
828 3061 863 3117 ab
888 3059 1027 3116 inimicisl
1066 3059 1137 3116 Haec

179 3141 230 3197 ³a“
239 3138 348 3203 dextra,
362 3140 414 3212 qul
428 3137 523 3194 Gallos
535 3139 595 3196 sudi
607 3158 624 3195 a
636 3139 757 3196 delubris
777 3139 880 3206 rostris,
900 3136 956 3212 jam
978 3137 1006 3193 in
1020 3137 1137 3194 vinculis

212 3219 230 3272 ‘.‘
240 3226 268 3272 et
281 3217 387 3272 catenis
400 3217 471 3273 erist
483 3216 500 3243 '’
539 3216 651 3274 Nullius
663 3235 717 3273 aec
733 3218 805 3274 oculi
820 3233 873 3273 neo
893 3229 973 3270 aures
990 3215 1151 3290 indignita-'

210 3301 266 3348 tem
280 3293 420 3352 serebant:
450 3294 499 3350 aed
512 3294 616 3351 invicta
634 3295 686 3352 sihi
706 3295 829 3368 quedam
847 3292 1051 3368 patientissima
1069 3291 1135 3367 justi

210 3368 316 3443 imperii
330 3371 428 3428 civitas
441 3371 560 3430 lecerat:
587 3391 649 3442 nec,
662 3373 791 3428 adversus
811 3369 981 3426 dictatoriam
1005 3371 1067 3439 viro,
1088 3377 1137 3423 aut

210 3446 311 3505 tribuni
324 3449 411 3522 plebia
424 3457 471 3506 aut
484 3449 543 3522 ipsa
555 3449 632 3524 plebs
644 3448 765 3506 attollere
787 3448 881 3504 oculos
901 3457 949 3504 aut
968 3448 1075 3505 hiscere
1088 3463 1137 3502 au·

177 3523 320 3584 rodebant.
359 3526 495 3600 Coujecto
507 3526 536 3582 iu
556 3545 695 3584 carcerem
709 3526 824 3596 Manlio,
845 3525 912 3582 satis
929 3535 1047 3594 onomat,
1059 3539 1137 3598 mag·

209 3620 274 3660 nem
288 3613 390 3675 partem
404 3604 492 3678 plebis
515 3615 616 3660 reatem
638 3606 767 3674 metisse,
790 3603 889 3660 multos
911 3603 1040 3661 mortales
1051 3599 1136 3676 crpil·

207 3679 265 3738 lum
279 3697 313 3736 ac
326 3680 436 3738 barbam
449 3682 617 3757 promisisse,
633 3682 856 3758 &versutamque
870 3680 1002 3740 vestibulo
1014 3679 1135 3738 carceris
1168 3755 1171 3762 Ι
