2620 4200
170 353 227 412 26⁰
553 355 619 407 ntur
635 355 717 406 mvn

171 513 224 568 que
237 493 379 571 ingenium
393 507 460 563 erat,
483 496 747 571 interpretabantur:
778 495 823 554 alii
844 495 1035 555 nontribunos
1047 499 1139 574 ple-3

171 571 222 642 bis,
236 576 285 630 sed
298 575 452 630 universam
468 576 615 644 civitatem,
629 595 690 649 quae
704 576 731 632 id
745 576 800 648 pati
814 585 913 648 posset,
928 575 1102 632 incusabant.
1120 575 1134 647 {a

169 651 277 708 “Duas
300 653 436 708 maximas
458 654 532 709 orbis
552 654 789 710 terrarumurbes
809 653 929 726 ingratas
949 672 1005 708 uno
1019 653 1139 740 propri}

169 731 189 762 “
200 741 321 802 tempore
336 730 364 785 in
385 731 522 804 principer
536 731 681 786 inventas:
711 731 835 796 Romam,
846 730 1040 804 ingratiorem;
1069 731 1105 787 si·
1119 741 1125 753 ·

168 807 309 879 “quidem
323 808 396 863 victa
410 810 549 882 Carthago
563 809 664 864 victum
680 809 865 864 Hannibalem
880 808 907 864 in
921 809 1047 864 exsilium
1057 829 1103 864 ex·
1119 805 1132 892 ζ

167 884 326 958 “pulisset;
361 885 454 942 Roma
481 887 578 941 victrix
606 887 735 942 victorem
763 885 926 942 Africanum
956 887 1136 959 expellat.’''„

167 962 234 1032 Atii,
257 963 435 1018 “Neminem
456 983 542 1018 unum
564 964 652 1019 civem
674 963 779 1020 tantum
799 963 922 1018 eminere
942 964 1051 1029 debere,
1072 951 1137 1040 ut}

166 1039 305 1114 “legibus
319 1041 482 1114 interrogari
494 1059 547 1096 non
571 1042 674 1114 possit:
703 1041 771 1096 nihil
791 1052 847 1096 tarn
869 1042 1007 1114 aequande
1021 1041 1102 1098 liber·

165 1119 185 1153 “
197 1119 260 1174 tatis
274 1137 345 1184 esse,
359 1119 440 1190 quim
455 1119 673 1192 potentissimum
688 1137 823 1192 quemque
836 1137 915 1192 posse
930 1119 1021 1175 dicere
1035 1137 1102 1174 cau·

166 1199 263 1252 “sam.
303 1195 383 1254 Quid
403 1195 567 1252 eutemtutd
594 1197 732 1270 cuiquam,
759 1197 861 1252 nedum
882 1215 1016 1252 summam
1043 1209 1139 1252 rem1⁰

165 1274 345 1347 “publicam,
368 1274 497 1347 permitti,
518 1275 540 1329 si
562 1275 630 1330 ratio
653 1294 708 1331 non
735 1275 769 1330 sir
796 1275 960 1329 reddenda?
993 1274 1039 1346 qui
1056 1275 1102 1348 jus

165 1356 183 1388 “
197 1353 376 1424 aequumpati
391 1370 446 1406 non
460 1354 553 1424 possit,
568 1352 596 1406 in
616 1371 679 1406 eum
695 1353 749 1408 vim
769 1352 842 1407 baud
863 1353 992 1426 injustam
1010 1352 1100 1407 esse.'’

165 1431 239 1489 Haec
254 1429 356 1502 agitata
369 1429 550 1495 sermonibus,
572 1430 660 1486 donec
682 1430 741 1485 dies
761 1430 886 1486 dicendae
900 1447 991 1484 causae
1004 1431 1099 1486 venit:

164 1526 220 1566 nec
235 1506 304 1564 alius
318 1516 400 1561 antea
413 1508 565 1580 quisquam,
589 1527 642 1562 nec
666 1508 711 1564 ille
730 1508 787 1582 ipse
802 1508 905 1580 Scipio,
919 1507 1015 1562 consul
1036 1527 1100 1563 cen·

163 1603 251 1652 sorve,
267 1584 368 1658 majore
381 1585 472 1640 omnis
485 1585 594 1658 generis
606 1585 747 1640 bominum
760 1585 924 1658 frequentia,
939 1583 1022 1657 quirin
1037 1597 1135 1641 reus15

162 1663 211 1720 illo
225 1662 279 1727 die,
295 1662 322 1716 in
336 1661 423 1718 sorum
437 1673 479 1718 est
492 1663 635 1718 deductus.
676 1663 775 1718 Jussus
794 1663 886 1718 dicere
901 1681 1023 1730 causam,
1039 1662 1106 1720 sine¹

162 1741 218 1795 ulle
231 1739 379 1794 criminum
396 1741 545 1804 mentione,
560 1737 711 1795 orationem
727 1739 796 1797 aded
809 1740 986 1812 magnificam
1001 1741 1036 1798 de
1057 1760 1099 1798 re-

162 1817 213 1872 bus
239 1815 273 1870 ab
294 1834 323 1870 se
343 1817 428 1888 gestis
453 1826 495 1871 est
515 1829 634 1885 exorsus,
657 1827 687 1872 ut
705 1817 769 1872 satis
789 1828 936 1886 constaret,
958 1819 1098 1874 neminem

162 1911 282 1968 unquam
296 1911 385 1965 neque
400 1892 499 1949 melitis
520 1913 609 1966 neque
630 1893 719 1949 ueritis
743 1895 883 1950 laudatum
905 1914 974 1951 esse.
1015 1895 1098 1952 Dice·

161 1973 261 2028 bantur
274 1971 348 2026 eninr
363 1971 397 2024 ab
411 1972 508 2026 eodem
524 1972 616 2027 animo
630 1971 803 2046 ingenioque,
818 1991 834 2027 a
847 1991 901 2045 quo
911 1986 989 2046 gesta
1002 1984 1080 2030 erant
1089 1994 1096 2028 ι
1106 1983 1133 2022 2¹³

160 2061 189 2106 et
202 2051 308 2106 aurium
323 2049 463 2104 fastidium
477 2051 578 2118 aberat,
594 2050 658 2123 quia
678 2069 726 2124 pro
749 2049 881 2124 periculo,
896 2070 951 2106 non
972 2051 1000 2106 in
1014 2051 1095 2124 glori·

161 2147 216 2194 am,
230 2126 427 2183 referebantur.
797 2133 803 2144 “

197 2283 245 2342 Ll.
270 2282 390 2339 Tribuni
412 2283 508 2356 plebis,
530 2295 621 2340 vetera
638 2284 756 2340 'luxuriae
776 2283 893 2339 crimina
907 2285 1095 2357 Syracusano·

159 2363 219 2418 rum
245 2362 431 2431 hibernorum,
454 2373 481 2416 et
495 2361 598 2417 ‘Locris
613 2362 815 2418 Pleminianum
832 2362 989 2432 tumultum,
1009 2383 1093 2435 quum

158 2442 193 2496 ad
221 2440 303 2495 fidem
334 2440 512 2511 praes-entium
542 2441 689 2495 criminum
722 2441 899 2508 retulissent;
933 2441 1129 2514 suspicioni-25

158 2518 210 2572 bus
230 2518 326 2590 magle,
358 2515 440 2588 qudm
469 2519 649 2590 argumentis,
677 2519 803 2591 pecuniae
832 2530 918 2590 captae
949 2537 1025 2575 reum
1046 2539 1094 2574 uc-

157 2594 300 2650 cusdrunt.
356 2593 490 2648 “Filium
506 2607 615 2666 captum
637 2597 697 2650 sine
717 2597 804 2668 pretio
832 2596 979 2660 redditum,
1006 2597 1092 2652 omni·

156 2675 174 2707 “
185 2671 289 2742 busque
304 2669 364 2724 aliis
378 2670 460 2724 rebus
470 2672 639 2743 Scipionem,
652 2685 789 2744 tamquam
801 2672 828 2726 in
844 2672 903 2746 ejus
915 2675 996 2729 unius
1009 2691 1092 2729 inanit

155 2754 175 2786 “
184 2767 236 2824 pax
251 2749 382 2804 Romanu
396 2747 553 2820 bellumque
568 2759 649 2819 esset,
665 2750 699 2804 ab
714 2749 855 2806 Antiocho
864 2752 977 2806 cultum.
1000 2751 1093 2806 Dicta·

120 2878 122 2886 s
156 2833 269 2883 “torem
284 2845 348 2881 eum
364 2825 480 2896 consuli,
496 2845 550 2880 non
566 2826 695 2900 legatum,
711 2827 739 2882 in
753 2827 900 2900 pruvincia
914 2830 1016 2884 luisse:
1038 2843 1126 2886 necao

155 2912 173 2944 “
183 2907 217 2960 ad
232 2905 311 2960 aliam
328 2923 384 2959 rem
404 2904 617 2975 eupolemum,
638 2903 719 2978 quim
741 2916 780 2976 ut,
800 2906 827 2961 id
849 2907 920 2978 quod
936 2907 1089 2979 Hispaniae,

154 2983 289 3052 “Galliae,
314 2982 426 3046 Siciliae,
447 2982 550 3036 Atricae
568 2982 731 3056 jampridem
753 3001 913 3055 persuasum
934 2995 1014 3045 esset,
1036 2985 1091 3040 boc

154 3060 298 3115 “Graeciae
324 3059 451 3131 Asiaeque
466 3069 494 3114 et
512 3060 640 3114 omnibus
661 3061 694 3114 ad
716 3061 858 3116 Orientem
875 3061 957 3116 versis
977 3061 1090 3134 regibus

154 3137 364 3210 “gentibusque
387 3149 548 3210 apparerem
583 3157 668 3192 unum
683 3137 823 3194 hominem
844 3150 925 3211 caput
947 3139 1089 3194 colunien-

153 3227 233 3286 “que
249 3213 355 3286 imperii
371 3215 491 3269 Romani
506 3233 586 3270 esse:
617 3217 668 3272 sub
682 3216 784 3272 umbri
798 3215 935 3289 Scipionis
949 3216 1087 3273 civitatem
1097 3231 1122 3269 us

153 3290 321 3348 “dominam
337 3291 410 3346 orbis
430 3304 562 3348 terrarum
576 3293 678 3348 latere:
707 3306 804 3349 nutum
826 3293 885 3367 ejus
899 3312 947 3367 pro
968 3295 1087 3351 decretis
1162 3292 1172 3296 “

153 3383 173 3418 ‘t
181 3365 303 3435 Petrum,
318 3387 366 3442 pro
380 3369 471 3442 populi
483 3370 566 3444 jussis
579 3371 667 3426 esse.’'
708 3371 831 3428 Iuliamib
853 3371 997 3437 intactum,
1019 3372 1088 3428 invi·
1151 3438 1154 3445 ff

153 3449 214 3512 die,
228 3449 287 3520 qud
299 3457 421 3520 possunt,
437 3459 543 3521 urgent.
583 3448 762 3504 Orationibus
775 3450 803 3504 iu
812 3460 921 3505 noctem
935 3450 1085 3524 perductis,

151 3525 278 3654 prodicta
297 3524 356 3578 dieu
380 3534 442 3578 est:
476 3525 521 3580 ubi
545 3545 579 3582 ea
598 3526 680 3594 venit,
695 3526 797 3582 tribuni
817 3527 846 3582 in
867 3527 976 3583 Rostris
996 3528 1085 3601 primii
1159 3539 1165 3552 ¹

166 3617 218 3655 uce
232 3601 424 3657 consederunt.
465 3601 572 3658 Citatus
593 3622 656 3659 reus
676 3622 777 3678 magno
798 3604 908 3678 agmine
932 3605 1084 3662 amicorum
1093 3620 1117 3658 to

153 3675 351 3750 clientiumque
364 3696 412 3751 per
426 3679 544 3734 mediam
559 3681 723 3736 concionem
744 3681 778 3736 ad
799 3681 901 3740 Rostra
915 3683 1015 3738 subiit:
1049 3682 1084 3738 si·

152 3749 291 3825 lentioque
305 3755 386 3821 sacto,
400 3756 418 3788 “
431 3754 523 3824 Hoc‚”
538 3757 634 3830 inquit,
656 3761 674 3793 “
685 3759 740 3826 die,
754 3758 856 3815 tribuni
869 3757 967 3833 plebis,
981 3777 1082 3834 vosque
