2622 4194
505 355 606 408 LIBER
621 353 668 406 ΙΙΙ.
687 366 747 407 eur.
757 369 869 407 mem.
1112 355 1152 418 85

182 503 209 540 ’ἲ
255 497 429 558 XXXVIII.
449 498 517 557 Idus
530 499 615 575 Maja
629 500 737 559 rendre.
775 495 871 558 Nullis
882 495 1038 574 subrogans
1050 499 1151 576 magis-

218 577 342 646 munus,
356 577 453 653 privati
472 595 523 653 pro
535 577 708 650 decemviris,
731 595 822 652 neque
842 575 943 633 anirnis
956 576 991 632 ad
1004 575 1151 651 Imperium

188 629 399 724 {inhibendum
413 655 575 725 imminutis,
598 673 689 730 neque
703 655 737 712 ad
762 655 884 730 speciem
904 653 1015 711 honoris
1035 654 1152 730 insigni·

196 775 202 788 .
217 733 277 806 bns,
290 735 435 808 prodeunt.
475 733 582 791 Idverb
592 749 710 809 regnum
720 735 795 791 haud
809 733 893 790 dubie
903 731 999 789 videri
1020 731 1153 807 Deplora·
1308 733 1309 744 ¹

182 789 203 862 ἕ
216 821 260 868 tur
273 811 302 868 in
315 823 479 888 perpetuum
489 812 619 880 libertas3
639 831 694 869 nec
706 811 808 869 vindex
817 811 961 886 qnisquam
975 810 1090 882 exsistit,
1105 823 1154 870 aut
1207 812 1209 818 '

187 877 323 979 {loturus
336 891 460 948 videtur:
487 909 541 948 nec
554 891 606 965 ipsi
630 892 717 948 sotum
740 889 945 964 desponderant
968 889 1153 957 animasset

120 1029 130 1048 o
181 969 357 1026 “contemni
371 969 547 1044 coeptierant
567 987 584 1024 a
606 968 730 1026 finitimis
743 968 868 1044 populis3
898 967 1100 1042 imperiumque
1113 968 1153 1024 ibi

214 1064 286 1118 esse,
300 1047 348 1104 ubi
361 1066 417 1105 non
431 1047 643 1117 esset-libertas,
664 1047 890 1122 indignabantur.
931 1044 1028 1103 Sabini
1049 1047 1153 1121 magna

215 1141 300 1181 mann
314 1125 502 1183 incursionem
513 1125 542 1182 in
553 1144 650 1200 agrum
659 1125 819 1184 Romanum
828 1123 937 1183 secere:
951 1123 1059 1198 lateque
1066 1141 1154 1199 popu·
1177 1189 1181 1196 ¹

183 1201 274 1269 auleti,
288 1221 372 1276 quum
393 1205 537 1261 hominurn
558 1216 639 1277 atque
652 1204 791 1278 pecudum
807 1202 887 1260 inulti
900 1201 1008 1277 predas
1019 1202 1152 1277 egissent,

196 1285 203 1294 '
216 1292 328 1355 recepto
342 1283 376 1338 ad
390 1281 516 1344 Eretum,
525 1281 596 1354 quod
603 1282 706 1355 passim
714 1292 843 1358 vagatum
853 1271 921 1347 ertit,
931 1281 1051 1354 agmine,
1063 1291 1155 1338 castra

215 1355 318 1428 locant,
340 1377 415 1434 spem
440 1360 469 1416 in
490 1359 626 1416 discordia
649 1359 778 1417 Romani
798 1369 943 1434 ponentes,
957 1377 1020 1414 eam
1038 1357 1154 1433 impedi-

215 1449 342 1494 mentum
362 1437 483 1495 delectni
504 1437 569 1493 sore.
609 1436 675 1495 Non
689 1438 779 1495 nuntii
799 1438 898 1504 solium,
919 1437 968 1493 sed
988 1455 1037 1510 per
1049 1436 1155 1494 Urbem

213 1515 365 1588 agrestium
387 1515 452 1591 suga
471 1515 682 1590 trepidationem
702 1515 806 1590 injecit.
866 1514 1025 1572 Decemviri
1045 1513 1156 1572 oonsul-

185 1599 284 1662 itmnt,
298 1593 365 1666 quid
385 1611 455 1668 opus
469 1593 543 1650 facto
555 1593 607 1650 sit:
641 1593 779 1651 destitutis
798 1593 870 1650 inter
883 1594 997 1650 Petrum
1016 1603 1045 1649 et
1064 1591 1156 1667 plebis

216 1669 281 1726 odis
293 1671 399 1728 addidit
418 1681 551 1727 terrorem
571 1671 683 1746 insuper
697 1672 780 1729 alium
795 1671 912 1729 fortuna.
953 1669 1037 1745 AEqui
1051 1671 1107 1728 alia
1119 1687 1156 1728 ex

216 1757 293 1822 parte
306 1759 397 1806 castra
410 1749 439 1805 in
453 1749 556 1824 Algido
568 1748 681 1817 locant3
711 1749 961 1824 depopulatamque
975 1749 1040 1805 inde
1054 1767 1155 1806 excur-

215 1825 340 1885 sionibus
360 1827 553 1884 Tusculanum
568 1845 665 1901 agrum
679 1827 762 1903 legati
782 1828 817 1883 ab
837 1827 974 1894 Tusculo,
993 1827 1154 1903 presidium

216 1915 337 1978 orantes,
359 1905 497 1962 nuntiant.
537 1903 567 1960 Ia
588 1923 672 1978 pavor
692 1905 810 1979 perpulit
829 1905 1011 1976 decemviros,
1025 1915 1056 1962 ut
1075 1923 1156 1962 sena·

184 1989 286 2047 sotum,
300 1982 382 2040 simul
402 1983 510 2039 duobus
530 1982 774 2039 circumstantibus
793 1983 897 2040 Urbem
918 1982 1007 2055 bellis,
1027 1983 1155 2040 consule·

219 2069 290 2114 rent
330 2061 417 2116 Citari
435 2059 534 2134 jubent
553 2060 583 2118 in
603 2061 709 2117 curiam
723 2060 829 2132 Patres,
843 2062 918 2118 haud
932 2060 1032 2135 ignari,
1052 2070 1156 2136 quanta

217 2134 330 2194 invidiae
343 2137 500 2194 immineret
512 2146 679 2211 ternpestasr
707 2157 805 2195 omnes
827 2139 924 2195 vastati
947 2139 1007 2214 agri
1020 2139 1156 2214 periculo·

218 2229 334 2289 rumque
348 2213 554 2272 imminentium
566 2233 665 2270 causas
678 2216 707 2270 in
718 2233 748 2271 se
759 2228 947 2290 congestum,
962 2217 1156 2274 tentationem·

217 2307 272 2366 que
285 2309 346 2349 eam
361 2293 418 2350 fore
433 2291 561 2348 abolendi
582 2292 634 2348 sibi
654 2292 836 2366 magistratds,
851 2293 880 2348 ni
894 2309 1033 2350 consensu
1046 2294 1157 2350 resiste·

184 2381 288 2441 ssrent,
302 2371 471 2446 Imperioque
485 2370 639 2429 inhibendo
652 2370 752 2426 acriter
766 2371 794 2426 ln
808 2387 912 2444 paucos
930 2370 1087 2445 prelerocis
1099 2371 1167 2428 ani-¹

218 2448 266 2515 ml,
281 2461 399 2506 conatus
420 2449 536 2506 aliorum
556 2448 779 2522 comprimerent.
819 2447 968 2522 Postquam
987 2449 1083 2506 audita
1103 2467 1156 2506 vox

162 2558 169 2598 ¹:
218 2526 248 2584 ln
262 2527 321 2584 foro
333 2538 375 2584 est
388 2525 534 2602 preconis,
548 2525 644 2583 Patres
657 2525 685 2582 in
700 2525 806 2582 curiam
821 2526 855 2582 ad
870 2527 1042 2584 decemviros
1054 2545 1155 2584 vocan-

162 2601 169 2610 “’
219 2603 272 2673 tis;
292 2606 368 2663 velut
381 2623 452 2662 nova
464 2623 518 2676 res,
531 2605 597 2678 quia
616 2604 821 2661 intermiserant
841 2605 949 2680 jamdiu
972 2623 1076 2663 moram
1090 2623 1156 2663 oon·

219 2683 330 2740 sulendi
362 2684 482 2750 senariis,
516 2683 709 2740 mirabundam
739 2683 847 2758 plebem
868 2685 1012 2751 convertit,
1046 2686 1064 2720 “
1077 2685 1156 2758 quid-

186 2762 311 2818 ao“nam
339 2761 491 2827 incidisset,
524 2776 575 2818 our
601 2779 636 2818 ex
665 2771 742 2818 tanto
761 2760 905 2819 intervallo
932 2779 991 2818 rem
1012 2761 1156 2818 desuetam

219 2841 418 2914 “usurparent
459 2838 593 2896 Hostibus
613 2838 740 2912 belloque
759 2839 876 2914 gratiam
890 2839 1058 2905 habendam,
1078 2837 1154 2912 quod

77 2913 84 2926 '
183 2941 186 2948 ·
219 2917 357 2974 “solitum
376 2916 524 2992 quidquam
553 2917 647 2974 libere
667 2915 786 2974 olritatis
804 2917 909 2974 fieret.”
962 2915 1157 2990 Circumspec-

220 3005 278 3052 tare
306 2995 435 3053 omnibus
460 2994 511 3052 sori
543 2995 666 3070 partibus
692 3005 857 3061 senatorem,
889 2992 1006 3067 raroque
1039 3009 1156 3068 nsquam
1192 2993 1194 2998 ’

220 3074 375 3132 noscitare:
408 3073 515 3130 curiam
545 3073 610 3130 inde
637 3091 671 3129 ao
700 3073 876 3130 solitudinem
909 3072 986 3128 circa
1017 3071 1157 3130 decemvi-

186 3169 265 3210 assos
276 3152 396 3222 intueri;
430 3169 514 3226 qnunr
528 3151 622 3226 stipsi
641 3151 760 3208 invisum
790 3167 929 3208 consensu
951 3149 1107 3226 imperium,
1128 3161 1157 3210 et

218 3231 306 3306 plebs,
320 3231 386 3304 quia
398 3229 509 3305 privatis
526 3228 572 3304 jus
584 3246 641 3287 non
654 3239 728 3286 esset
740 3228 857 3286 vocandi
871 3237 1007 3296 senatum,
1021 3247 1078 3287 non
1091 3247 1157 3286 con-

220 3310 315 3369 venire
329 3310 425 3365 Patres
440 3309 700 3382 interpretamentum
727 3310 746 3342 ‘⁶
755 3308 812 3383 jam
832 3315 916 3381 caput
928 3306 988 3364 lieri
1001 3307 1156 3364 libertatem

221 3387 442 3462 “repetentium
457 3387 480 3442 si
493 3404 523 3442 se
536 3385 614 3460 plebs
626 3385 756 3442 comitem
780 3383 888 3450 senatui
901 3384 957 3451 det,
971 3395 1010 3453 et,
1025 3383 1158 3458 quamad-

221 3465 240 3498 “
252 3465 363 3522 modum
388 3464 485 3522 Patres
506 3463 597 3519 vocati
615 3481 671 3520 non
692 3467 793 3521 coeant
813 3462 842 3519 in
862 3473 996 3534 senatum,
1017 3463 1059 3519 sic
1078 3461 1157 3536 plebs

189 3543 242 3598 ro“
253 3542 355 3598 abnuat
367 3541 534 3600 delectum.''
575 3539 647 3598 Hmo
666 3540 788 3598 fremunt
809 3540 911 3615 plebes
952 3541 1065 3598 Petrum
1082 3539 1157 3598 baud

223 3619 281 3678 tare
294 3621 438 3694 quisquam
451 3619 480 3676 iu
494 3619 561 3686 foro,
575 3617 604 3675 in
618 3618 693 3675 Urbe
706 3621 761 3676 rari
774 3629 869 3676 erant:
889 3618 1157 3695 indIgnitatererum

222 3708 364 3757 cesserant
377 3699 406 3754 in
419 3717 516 3774 agros3
546 3709 712 3771 suarumque
732 3715 823 3754 rerum
842 3709 929 3768 arant,
954 3695 1056 3754 amissa
1069 3696 1157 3772 publi·

221 3779 276 3848 σᾶς
294 3774 404 3842 tantiam
417 3776 451 3833 ab
464 3774 565 3910 injurgia
587 3793 617 3834 se
637 3775 733 3834 abesse
747 3775 808 3846 rati,
821 3774 955 3852 quantum
969 3785 1073 3834 rotata
1091 3791 1157 3835 ooo·
