2622 4194
552 345 651 400 LIBER
666 349 687 398 1.
706 362 765 401 car.
776 363 802 398 ι..
1096 355 1138 416 45

205 500 300 562 agere,
313 485 391 546 bonis
404 485 520 545 multare
542 499 657 564 poterat,
681 509 737 548 uon
760 509 807 548 sus
860 497 901 548 tos
914 489 1136 564 modi-aetiuri-
1221 489 1225 496 “

206 579 261 633 sos,
281 565 328 619 sed
349 566 421 622 unde
445 566 514 623 nihil
534 567 618 639 aliud,
638 569 720 641 quiin
745 587 800 642 prae
821 565 881 634 am,
900 587 1008 644 sperare
1034 583 1133 644 posset.

207 636 252 695 Ita
273 639 383 698 Patrum
403 644 543 718 praecipue
565 663 681 702 numero
705 646 858 716 imminuto,
883 647 977 703 statuit
995 645 1085 704 nullos
1103 649 1134 706 itt

207 713 300 774 Patres
324 719 446 796 legere,
465 719 519 795 qud
541 723 723 796 contemptior
743 723 881 797 paucitate
895 723 954 798 ipsd
966 723 1032 780 ordo
1051 736 1133 791 esset,

186 793 351 882 tmiubsque
364 817 412 871 per
425 817 455 864 se
469 799 537 864 nihil
551 800 596 874 agi
615 800 833 874 indignarentur.
873 799 930 858 Hic
943 799 1018 856 enim
1037 819 1133 876 regum
1179 859 1181 866 ,

203 889 307 944 primus
328 876 459 936 traditum
486 895 501 932 a
526 878 663 951 prioribus
683 896 786 934 morem
806 878 841 934 de
861 877 989 934 omuibus
1009 890 1134 936 senatum

202 951 366 1009 consulendi
381 954 477 1010 solvit:
498 955 656 1011 domesticis
674 955 796 1018 consiliis
809 955 1006 1034 rempublicam
1020 955 1135 1014 admini-

201 1027 315 1084 stravit:
336 1030 448 1096 bellum,
463 1051 570 1106 pacem,
586 1033 698 1103 soedera,
712 1033 858 1088 societates
876 1051 925 1106 per
945 1051 974 1104 se
988 1033 1056 1106 ipse,
1070 1053 1135 1090 curn

200 1103 301 1176 quibus
324 1107 417 1180 voluit,
441 1109 546 1184 injussu
567 1110 660 1184 populi
681 1129 714 1166 ac
728 1112 846 1180 senatus,
868 1109 941 1176 fecit,
962 1109 1134 1184 diremitqus.

169 1191 193 1230 1⁰
202 1179 365 1240 Latinorum
387 1187 439 1242 sibi
462 1187 584 1242 maxime
605 1197 715 1262 gentem
737 1187 912 1251 conciliabat,
933 1199 963 1243 ut
982 1189 1135 1261 peregrinis

203 1276 310 1332 quoque
330 1263 427 1336 opibus
450 1265 533 1320 tutior
560 1265 631 1320 inter
658 1265 732 1329 cives
759 1275 838 1328 esset.
898 1264 997 1338 Neque
1017 1265 1135 1338 hospitia
1195 1315 1196 1323 ,

203 1336 286 1392 modb
299 1357 363 1395 curn
376 1341 541 1414 primoribus
555 1360 658 1412 eorum,
679 1342 728 1397 sed
750 1342 895 1406 affinitates
909 1359 1025 1415 quoque,
1036 1341 1135 1418 junge·

203 1411 259 1469 bat.
300 1415 417 1474 Octauio
431 1419 557 1484 Mamilio
570 1419 731 1476 Tusculano
752 1418 788 1495 (is
808 1418 889 1494 longe*
902 1419 1031 1494 princeps
1041 1417 1134 1476 Latini

202 1491 323 1548 nominis
337 1505 403 1561 orat,
429 1496 451 1551 si
475 1495 554 1551 fama
577 1497 724 1568 credimus,
748 1497 782 1552 ab
802 1497 899 1570 Ulysse
914 1497 1028 1570 Denique
1049 1495 1133 1554 Circe

170 1579 194 1618 15
202 1568 359 1655 oriundus),
373 1573 399 1634 ei
415 1573 539 1642 Mamilio
553 1575 637 1630 liliam
660 1585 775 1648 nuptum
799 1575 862 1642 dat,
889 1593 991 1648 perque
1004 1592 1052 1636 eas
1065 1591 1135 1648 nup·

202 1655 253 1702 tras
266 1649 366 1705 multos
380 1649 432 1706 sibi
446 1662 577 1728 cognatos
591 1653 748 1728 amicosque
762 1651 821 1726 ejus
831 1651 970 1714 conciliat.

239 1801 271 1858 L.
293 1804 356 1862 Jam
370 1825 471 1883 magna
484 1807 631 1882 Tarquinii
651 1809 797 1865 auctoritas
811 1809 881 1866 inter
895 1808 1056 1866 Latinorum
1072 1827 1134 1882 pro·

202 1897 278 1937 cares
291 1898 369 1952 erat3
389 1905 483 1959 quum,
499 1887 527 1942 iu
541 1889 614 1946 diem
629 1897 735 1942 certum
756 1898 785 1950 ut
806 1887 839 1942 ad
859 1886 953 1944 lucum
974 1885 1133 1946 Ferentiuae

201 1962 376 2033 conveniant,
390 1964 503 2020 indicit:
527 1983 598 2036 esse,
612 1983 672 2037 quae
687 1983 767 2038 agere
782 1965 816 2028 de
836 1964 919 2020 rebus
939 1963 1141 2019 communibus.

167 2034 274 2090 aovelit.
315 2038 491 2096 Conveniunt
504 2042 660 2119 frequentes
680 2042 767 2116 prima
779 2041 861 2098 luce:
889 2041 947 2116 ipse
962 2039 1141 2114 Tarquinius¹

202 2111 275 2167 diem
296 2115 407 2194 quidem
422 2119 552 2185 servavit3
580 2119 629 2174 sed
649 2117 731 2191 paulo
746 2119 818 2185 ante,
832 2118 914 2191 quim
928 2118 967 2174 sol
980 2118 1132 2184 occideret,

202 2190 285 2246 veuit.
326 2191 415 2247 Multa
427 2193 466 2248 ibi
481 2195 538 2256 told
552 2195 596 2248 die
610 2195 638 2248 in
652 2195 771 2250 concilio
790 2197 870 2252 variis
888 2195 990 2269 jactata
1012 2214 1134 2257 sermon·¹

201 2265 263 2323 ibus
277 2280 363 2325 eraut.
405 2269 519 2326 Turnus
543 2270 703 2327 Herdonius
726 2271 760 2325 ab
781 2271 877 2326 Aricia
896 2271 1022 2328 ferociter
1036 2272 1065 2327 in
1086 2271 1134 2326 ab·

202 2357 308 2403 sautem
330 2347 515 2421 Tarquinium
535 2359 594 2404 erut
614 2349 759 2415 invectus,
799 2347 913 2404 “Haud
940 2348 1039 2403 mirum
1063 2366 1134 2418 esse,

168 2423 219 2473 25“
231 2425 356 2500 Superbo
376 2425 494 2482 inditum
523 2425 622 2482 Roma
650 2425 834 2499 cognomen.'’
895 2424 971 2501 (lam
1000 2421 1135 2482 suintila

109 2507 118 2522 ⁸
202 2499 397 2577 clum'quidem
419 2504 604 2574 mussitantes,
626 2503 707 2578 vulgo
728 2513 828 2572 tamen,
850 2521 914 2559 eum
934 2503 1132 2580 appellabant.)

202 2581 219 2610 ‘·'
233 2584 278 2635 An
298 2582 446 2654 quidquam
467 2583 611 2656 superbius
631 2600 700 2652 esse,
731 2579 813 2656 quam
834 2581 969 2638 ludificari
990 2581 1030 2636 sio
1051 2600 1133 2638 omne

203 2661 220 2690 “
232 2677 332 2714 nomeu
347 2659 498 2714 Latinum?
519 2659 690 2734 principibus
713 2658 794 2733 longe
815 2659 850 2714 ab
871 2659 952 2716 domo
965 2659 1073 2730 excitis,
1093 2659 1146 2734 ip·.

202 2734 220 2765 “
232 2753 302 2802 sum,
313 2736 359 2809 qui
374 2738 521 2792 concilium
537 2737 674 2808 indixerit,
689 2755 743 2792 non
758 2737 877 2792 adessel
898 2737 997 2793 tentari
1011 2735 1134 2810 prosectb

169 2812 401 2886 ³⁰“paticntinnn
425 2823 464 2880 ut,
495 2815 517 2870 si
542 2815 640 2889 jugum
671 2814 837 2887 acceperint,
867 2815 999 2870 obnoxios
1019 2821 1133 2886 premat.

202 2891 220 2923 “
233 2891 287 2946 Cui
300 2891 374 2946 euim
396 2909 450 2947 nou
474 2911 613 2964 apparere,
638 2891 766 2958 affectare
780 2911 844 2952 eum
865 2891 1009 2964 imperium
1030 2890 1058 2944 in
1080 2887 1134 2946 La·

203 2969 221 3001 “
232 2968 326 3026 tinosl
347 2967 433 3044 Quod
447 2969 523 3024 sisui
538 2970 608 3024 bene
622 2969 790 3026 crediderint
803 2970 887 3033 cives,
902 2978 948 3022 aut
962 2966 985 3022 si
998 2966 1133 3024 creditum

203 3046 221 3080 ‘³
232 3047 309 3112 illud,
333 3056 361 3102 et
381 3065 435 3102 uon
458 3057 563 3120 ruptum
584 3045 739 3120 parricidio,
768 3047 810 3113 sit,
833 3045 946 3101 credere
967 3053 995 3100 et
1020 3043 1134 3102 Latinos

203 3125 221 3160 ‘⁶
235 3124 413 3199 (quamquam
427 3143 463 3180 ne
477 3125 517 3181 sic
531 3125 641 3198 quidem
657 3124 832 3199 alienigenas)
847 3123 957 3179 debere.
999 3122 1049 3178 Sin
1070 3141 1135 3180 suos

171 3204 221 3274 353(
233 3205 292 3278 ejus
306 3203 439 3278 poeniteat
460 3201 572 3276 (quippe
586 3202 631 3274 qui
643 3201 689 3256 alii
710 3220 790 3274 super
809 3201 876 3256 alios
894 3200 1072 3270 trucidentur,
1087 3219 1134 3256 ex·

202 3281 349 3336 “sulatum
364 3291 438 3346 eant,
460 3281 532 3336 bona
552 3280 702 3356 amittant),
723 3279 788 3352 quid
810 3277 867 3352 spei
888 3277 1006 3334 melioris
1026 3277 1150 3346 Latinis¹

204 3357 380 3432 “portendil
434 3358 464 3413 Si
485 3377 515 3412 se
536 3357 658 3422 audiunt,
679 3357 790 3412 domurn
812 3374 888 3410 suam
908 3374 1041 3428 quemque
1068 3353 1134 3408 inde

205 3436 223 3468 “
235 3435 369 3491 abituros:
401 3454 490 3508 neque
504 3434 592 3508 magis
614 3435 803 3489 observaturos
817 3433 890 3488 diem
911 3433 1030 3503 concilii,
1050 3429 1151 3502 quirin¹

205 3515 223 3547 “
237 3512 303 3586 ipse,
323 3512 369 3585 qui
391 3512 531 3576 indixerit,
552 3506 705 3567 obscrvei.'’
765 3512 835 3566 Haec
862 3521 941 3584 atque
962 3510 1015 3566 alia
1033 3505 1133 3566 eddam

172 3590 370 3674 ⁴⁰pertincntia
390 3591 536 3648 seditiosus
556 3587 778 3662 facinorosusque
799 3589 889 3655 hom0,
915 3589 1010 3659 hisque
1031 3581 1134 3642 artibus
1187 3648 1189 3658 ,

205 3687 272 3744 opes
286 3667 359 3722 dorni
373 3662 478 3738 nactus¹
493 3685 577 3740 quum
592 3667 711 3723 maxime
733 3667 886 3731 dissereret,
906 3661 1052 3721 intervenit
1065 3662 1134 3718 Tar·

204 3747 326 3835 quinitas
367 3745 394 3801 Is
407 3747 470 3802 finis
483 3745 598 3801 orationi
614 3745 671 3800 fuit.
713 3743 811 3799 Aversi
824 3762 920 3798 omnes
933 3740 967 3796 ad
986 3737 1135 3811 Tarquini·
