2638 4206
137 293 194 356 138
474 307 479 312 ·
527 291 594 342 τιτι
609 291 692 342 trun

135 436 229 494 addita
258 433 311 491 alia
341 433 527 492 commotioris
554 435 589 492 ad
614 434 709 492 omnia
731 433 868 492 turbanda
887 433 995 493 consilii
1011 432 1081 495 'terat=

134 513 266 572 Fundam
287 513 316 569 in
340 511 460 586 Vejenti,
490 526 574 587 caput
603 511 760 587 patrimonii
788 513 907 588 subjecit
925 515 1069 588 preconi:
1173 503 1177 518 ’

134 593 210 650 “*Ne
222 609 305 666 quem
318 590 467 662 vestrrim,”
481 590 579 664 iuquit,
594 595 611 624 “
623 590 759 656 Quirites,
774 591 864 648 donec
876 592 1025 666 quidquam
1040 593 1069 650 in
1087 586 1094 621 ”

134 673 153 706 “
163 689 193 727 re
206 669 269 726 med
283 669 426 744 supererit,
439 669 595 744 judicatum
609 669 785 727 addictumve
799 670 864 727 duci
878 671 993 743 patiar.''
1035 671 1069 728 Id

134 747 199 806 verb
209 748 248 804 ita
260 746 390 804 accendit
404 748 520 817 animos,
543 757 574 804 ut
588 766 636 821 per
648 765 731 804 omne
755 748 795 804 las
808 767 842 804 ac
855 748 933 806 nelas
946 749 1068 807 secuturi
1089 769 1103 810 r

134 826 272 884 vindicem
297 825 430 882 libertatis
453 825 619 882 viderentur.
659 825 781 896 Adhuc,
796 826 881 896 dumi,
901 828 1069 885 concionan-

134 905 169 962 tis
177 905 206 961 in
218 903 340 970 medum,
352 921 492 960 sermones
500 903 574 978 pleni
583 903 731 960 criminum
743 905 772 961 irr
781 904 876 961 Patres
887 923 894 974 ;
908 905 979 962 inter
989 925 1067 980 quos,

106 1003 109 1010 ’
134 985 229 1056 qbum,
255 981 357 1038 omisso
376 981 544 1051 discrimine,
569 1000 634 1038 vera
655 1000 690 1039 an
712 999 782 1040 rana
799 983 913 1058 jaceret,
934 985 1069 1040 “thesau-

133 1064 206 1118 “·ros
219 1058 320 1117 Gallici
334 1059 394 1118 auri
403 1059 563 1116 occultoria
574 1059 701 1116 Patribus
710 1061 726 1088 ’³
739 1060 825 1135 jecit:
848 1059 865 1094 “
874 1079 927 1117 nee
937 1062 993 1140 jam
1008 1081 1082 1136 pos·

134 1138 285 1198 “uidendis
292 1137 412 1212 publicis
418 1137 493 1212 agris
500 1148 646 1194 contentos
656 1155 727 1204 esse,
738 1139 791 1195 nisi
802 1139 949 1214 pecuniam
958 1157 1069 1215 quoque
1079 1148 1113 1200 ro'

131 1217 300 1294 “publicam
315 1216 456 1272 avertam:
471 1233 505 1271 ea
515 1234 559 1272 res
572 1216 595 1272 si
608 1214 700 1290 palam
713 1215 769 1283 fiat,
779 1217 881 1273 exsolri
895 1217 1006 1292 plebem
1015 1237 1070 1274 aere

134 1294 369 1368 “elienopossel’
388 1293 463 1354 Qum
472 1293 635 1369 ubi‘objecta
645 1311 709 1368 spes
716 1294 915 1366 est,enimrero
923 1295 1069 1370 indignum

134 1373 243 1432 facinus
256 1371 354 1444 rideri,
365 1389 450 1446 quum
464 1372 662 1428 conferendum
678 1372 712 1428 a'd
725 1371 914 1430 redimendam
928 1374 1067 1430 civitatem

134 1450 252 1510 aGallis
265 1469 362 1508 aurum
377 1449 468 1521 fuerit,
481 1450 584 1506 tributo
596 1449 772 1507 collationem
786 1451 905 1520 lactam3
935 1451 1008 1508 idem
1022 1470 1068 1509 au·

133 1523 205 1597 rum,
231 1547 268 1586 ex
294 1529 418 1586 hostibus
437 1539 559 1602 captum,
580 1529 609 1586 in
630 1534 781 1603 paucorum
801 1529 921 1603 predam
942 1530 1103 1590 cessissem

134 1607 231 1682 Itaque
245 1607 465 1680 exsequebantur
479 1607 636 1680 querendo,
652 1605 698 1662 ubi
713 1617 795 1663 tante
808 1607 847 1662 rei
862 1607 962 1663 lurtum
976 1609 1069 1665 occul·

134 1697 252 1754 taretur;
286 1685 496 1757 differenteque,
515 1695 542 1741 et
565 1695 688 1759 tempore
708 1685 758 1740 sno
778 1702 808 1740 se
830 1684 1016 1742 indicaturum
1030 1687 1070 1744 di·

134 1773 224 1833 cente,
238 1761 346 1818 certeris
358 1761 477 1832 omissis,
490 1759 523 1818 eb
535 1779 620 1818 rersre
633 1773 712 1818 erant
724 1763 847 1818 omm'um
862 1781 954 1832 curae;
988 1783 1070 1840 appe·

133 1842 274 1916 rebarque,
288 1857 342 1896 uec
355 1839 412 1896 veri
425 1838 523 1896 indicii
535 1839 652 1914 matiam
672 1839 803 1908 mediam,
816 1859 873 1898 nec
885 1841 945 1898 falsi
958 1843 1068 1902 offensi-

133 1937 216 1978 onem
230 1918 296 1976 fcre.
735 1971 738 1978 ,
1077 1939 1103 1980 ao

172 2077 238 2134 XV.
260 2077 304 2133 Ite
316 2069 460 2150 suspensis
469 2076 560 2143 rebus,
575 2075 701 2142 dictator,
724 2076 830 2134 accitus
843 2076 878 2133 ab
891 2077 1025 2144 exercitu,
1040 2077 1069 2135 iu

134 2154 238 2213 Urbem
252 2153 335 2212 vertit.
375 2154 488 2212 Postero
501 2155 547 2211 die
560 2164 657 2210 senatu
681 2153 784 2222 habito,
809 2172 903 2228 quum,
918 2155 984 2213 setis
998 2155 1069 2230 peri·

133 2233 244 2292 clitatus
257 2231 411 2291 voluntates
425 2232 576 2302 hominum,
600 2233 744 2289 discedere
763 2245 890 2289 senatum
903 2234 938 2289 ab
951 2251 981 2290 se
994 2243 1070 2290 retu·
1113 2237 1116 2258 ¹

133 2311 208 2382 isset,
222 2311 338 2387 stipatus
351 2311 384 2366 el
404 2311 588 2377 multitudine,
609 2310 676 2366 selle
697 2311 725 2368 in
746 2310 860 2368 comitio
873 2311 973 2384 positi,
985 2312 1069 2369 viato-
1117 2320 1129 2363 ¹.

132 2407 192 2448 rent
210 2390 246 2462 ad
269 2389 309 2446 M.
331 2388 466 2445 Manlium
488 2389 561 2454 misit
572 2407 582 2457 ;v
612 2388 668 2462 qui,
689 2388 830 2445 dictatoris
846 2389 925 2464 jussu
946 2401 1102 2462 uocemue

132 2486 218 2541 quum
232 2467 342 2541 signum
356 2467 414 2522 suis
427 2467 557 2533 dedisset,
573 2465 669 2522 adesse
684 2476 836 2533 certamen,
850 2467 961 2542 agmine
972 2469 1069 2544 iugen-

133 2545 155 2602 ti
175 2545 210 2600 ad
224 2544 343 2600 tribunal
359 2543 441 2600 venit.
482 2544 558 2600 Hinc
572 2554 694 2616 senatuS,
709 2544 774 2600 lrinc
788 2543 875 2618 plebs,
900 2563 981 2602 suum
995 2546 1069 2619 quis-

134 2641 187 2697 que
201 2622 342 2680 intuentes
361 2623 472 2689 ducem,
486 2621 602 2679 velutin
623 2622 683 2678 acie
697 2621 886 2682 constiterant.
921 2623 996 2680 Tum
1011 2624 1069 2681 die·

100 2741 102 2756 .
134 2711 213 2772 tator,
236 2699 345 2757 silentio
365 2699 447 2772 facto,
468 2700 637 2771 “Utinam”
652 2700 750 2774 inquit,
772 2704 790 2736 “
802 2700 869 2757 mihi
884 2700 1067 2776 Patribusque

133 2777 298 2836 “Romanis
311 2777 349 2836 ita
359 2779 394 2835 de
407 2779 515 2834 ceteris
528 2779 610 2835 rebus
623 2796 689 2834 cum
710 2777 791 2853 plebe
803 2780 960 2846 conveniat,
975 2799 1068 2862 quem·
1077 2799 1102 2842 so

133 2857 309 2914 “admodum
332 2858 405 2931 quod
426 2857 466 2912 ad
486 2867 513 2913 te
532 2857 640 2930 attinet,
659 2865 775 2931 eamque
795 2875 864 2924 rem,
884 2875 966 2932 quam
984 2858 1067 2915 dete

134 2941 220 2993 “sum
235 2935 406 3008 quesituros,
421 2945 620 2992 conventurum
634 2934 700 2991 satis
713 2934 832 2991 conlido.
869 2936 954 3010 Spem
965 2935 1067 2992 laetam

134 3017 179 3070 “a
197 3023 225 3069 te
245 3013 349 3070 civitati
369 3013 458 3084 rideo,
478 3011 532 3070 lide
559 3012 707 3078 incolumi,
727 3030 762 3068 ert
787 3013 924 3068 thesauris
941 3011 1066 3082 Gallicis,

134 3095 230 3164 “quos
249 3091 382 3164 primores
401 3091 513 3148 Parrum
542 3091 693 3156 occultent,
727 3090 863 3147 creditum
884 3089 949 3146 solvi
976 3105 1065 3164 posse.

128 3172 153 3230 l‘
162 3167 216 3225 Cui
237 3186 289 3243 ego
308 3169 348 3224 rei
362 3171 472 3227 tantum
487 3170 564 3226 abest
575 3179 608 3226 ut
622 3168 819 3242 impedimento
833 3169 893 3237 sim,
907 3178 945 3238 ut,
959 3165 1065 3240 contri,
1074 3185 1100 3229 et

134 3251 199 3319 “te,
213 3245 253 3302 M.
268 3244 366 3313 Manli,
381 3249 517 3320 adhorter,
530 3248 630 3304 liberes
654 3245 758 3303 soenore
770 3241 878 3320 plebem
893 3245 1067 3315 Romanam

135 3328 190 3382 “et
204 3324 278 3395 istos,
292 3323 457 3382 incubantes
476 3324 594 3402 publicis
615 3321 760 3396 thesauris,
781 3341 817 3380 err
832 3325 925 3398 predii
943 3323 1075 3380 stantes-r

135 3403 220 3461 “tine
233 3403 348 3462 evolvas.
388 3403 474 3464 Quod
496 3403 550 3460 nisi
574 3402 651 3472 sacis,
676 3402 732 3458 sire
749 3397 822 3476 quod
835 3412 864 3459 et
878 3403 934 3478 ipse
948 3401 976 3459 in
990 3411 1067 3476 parte

135 3483 261 3556 “prede
283 3481 329 3551 sis,
350 3481 407 3538 sire
430 3483 494 3557 quia
513 3499 614 3540 vanum
634 3480 769 3538 iudicium
789 3490 841 3546 est,
860 3480 888 3537 in
911 3479 1021 3536 vincula
1040 3488 1068 3536 te

136 3559 229 3616 “duci
239 3560 341 3635 jubebo
354 3578 361 3630 3
392 3578 445 3616 nee
466 3561 570 3618 diutius
583 3559 669 3634 patiar
683 3577 699 3616 a
717 3569 744 3616 te
758 3558 962 3615 multitudinem
977 3557 1068 3616 fallaci
1077 3577 1104 3618 tc

137 3639 212 3717 “spe
224 3637 388 3696 concitari.'’
429 3639 473 3694 Ad
488 3657 522 3694 ea
536 3637 665 3708 Manlios,
686 3642 705 3674 “
716 3653 770 3694 neo
793 3653 823 3692 se
841 3635 999 3704 fefellisse,''
1020 3635 1068 3704 ait,

135 3719 221 3773 “aon
235 3715 365 3775 adversos
378 3714 494 3774 Volscos
505 3717 589 3775 toties
601 3717 702 3784 hostes,
726 3712 834 3789 quoties
847 3713 975 3774 Patribus
986 3730 1070 3790 expo·
