2620 4200
508 333 610 426 LIBER
623 338 694 390 XXV
695 337 728 390 11.
747 349 807 392 car.
817 353 870 390 xer.
1087 339 1144 408 22}

215 477 293 550 tltes
306 475 347 544 Μ.
360 482 479 556 Livium,
492 483 528 540 ad
540 483 642 541 bellum
656 481 887 557 prolioiseentem,
904 481 1027 542 monenti
1039 481 1079 545 Q.
1092 483 1149 544 Fa·

216 557 274 630 bio,
287 582 332 630 ne,
344 561 502 638 priusquam
516 579 604 636 genus
617 560 736 618 bostium
749 561 904 636 eognbsset,
918 559 1019 618 temere
1033 580 1147 624 manum

217 650 382 709 oonsereret,
414 639 607 714 respondisse:
647 638 729 696 “Ubi
755 637 875 713 primum
900 637 1020 696 hostiurn
1046 657 1147 716 agmen
1233 695 1235 706 ,

219 729 238 756 “
246 717 440 792 eonspexisset,
454 715 669 792 pugnaturum.”
708 715 806 778 Quum
819 725 995 790 quareretur,
1007 734 1069 790 quar
1082 736 1148 776 oau·

196 807 248 853 esa
271 794 419 852 festinandi
443 795 536 852 essetl
577 803 596 830 ‘⁶
608 794 667 851 Aut
682 812 724 850 ex
744 793 822 852 hoste
842 793 982 870 egregiam
1002 790 1147 870 gloriam,”

216 873 313 946 inquit,
335 881 353 908 “
362 883 410 928 aut
421 890 457 928 ex
469 872 575 929 oiribus
588 871 668 930 vietis
681 871 822 946 gaudium,
836 873 965 930 meritum
988 871 1074 939 oerte,
1095 869 1149 932 etsi

216 960 301 1007 “non
325 950 481 1016 honestum,
495 950 631 1024 oapiamr”
672 947 835 1024 Priusquam
849 950 982 1008 Claudius
1002 949 1099 1008 oonsul
1118 950 1150 1010 in

215 1027 385 1103 provintiam
404 1027 568 1102 perveniret,
590 1038 810 1102 perextremum
833 1028 917 1086 finem
940 1027 999 1103 agri
1012 1027 1150 1086 Ilarinatis

216 1106 366 1164 dueentem
388 1105 417 1162 in
438 1105 609 1163 Sallentinos
631 1106 788 1162 exereitum
810 1105 1000 1164 Hannibalem
1019 1124 1083 1164 oum
1104 1123 1151 1162 ex-

185 1183 317 1259 npeditis
345 1183 503 1241 cohortibus
528 1183 651 1254 adortus,
678 1182 712 1239 C.
737 1183 873 1242 Hostilius
897 1182 1027 1240 Tubulus
1046 1185 1151 1240 inoom·

250 1261 306 1338 'sito
318 1261 422 1336 agmini
435 1260 584 1317 terribilem
597 1259 744 1318 tumultum
759 1255 868 1318 intulit:
889 1255 924 1318 ad
937 1271 1052 1336 quatuor
1065 1259 1152 1319 millia

216 1280 361 1396 ldminum
373 1337 487 1405 oceidit,
501 1356 599 1394 novem
614 1337 694 1414 signa
707 1339 834 1396 militaria
846 1338 928 1413 oepit.
969 1337 1094 1396 Moverat
1116 1356 1152 1397 ex

217 1416 341 1476 hibernis
363 1416 399 1472 ad
421 1415 521 1472 famam
541 1414 626 1474 hostis
638 1415 678 1478 Q·
692 1415 836 1491 Claudius,
855 1417 903 1492 qui
921 1435 971 1492 per
990 1416 1072 1474 urbes
1092 1415 1152 1492 agri

218 1493 366 1551 Sallentini
379 1503 469 1550 castra
481 1493 611 1569 disposita
624 1493 751 1553 habebat.
790 1494 897 1569 Itaque,
912 1513 948 1552 ne
966 1512 1031 1552 eum
1044 1495 1152 1554 duobus

187 1571 386 1628 nexeroitibus
398 1571 481 1629 simul
494 1570 664 1648 oonlligeret‚
680 1571 821 1632 Hannibal
842 1583 924 1632 noete
937 1582 1028 1630 eastra
1038 1591 1073 1630 ex
1085 1583 1152 1648 agro

218 1648 374 1708 Tarentino
386 1649 479 1719 morit,
500 1660 582 1723 atque
605 1650 634 1710 iu
647 1649 769 1710 Bruttios
781 1650 927 1708 oonoessit.
968 1649 1103 1707 Claudius
1122 1647 1152 1711 in

218 1727 386 1784 Sallentinos
409 1745 509 1802 agmen
538 1727 681 1784 convertit
735 1727 880 1796 Hostilius,
901 1725 1025 1802 Capuam
1045 1738 1152 1801 petens,

217 1803 314 1864 obvius
340 1805 375 1860 ad
395 1804 549 1862 Venusiam
569 1804 600 1862 fit
619 1804 727 1862 consuli
747 1804 872 1862 Claudio.
917 1803 961 1862 Ibi
982 1819 1017 1862 ex
1037 1814 1153 1880 utroque

218 1882 344 1949 exereitu
369 1882 459 1938 electa
482 1882 607 1956 peditum
631 1883 813 1957 quadraginta
836 1882 930 1954 millia,
951 1882 1007 1939 duo
1019 1882 1105 1940 millia
1124 1892 1154 1940 et

186 1958 365 2036 ”quingenti
384 1959 499 2032 equites,
513 1959 613 2033 quibus
625 1960 722 2016 oonsul
736 1960 867 2018 adversus
885 1959 1074 2016 Hannibalem
1093 1977 1154 2020 rom
1213 2015 1215 2022 ,

219 2047 344 2112 gereret:
377 2035 494 2110 reliquas
515 2036 608 2109 copias
628 2034 765 2092 Hostilius
786 2037 912 2110 Capuam
931 2036 1034 2094 ducere
1050 2035 1154 2112 jussus,

220 2126 252 2174 ut
263 2113 302 2176 Q·
316 2113 416 2172 Fulvio
427 2133 476 2189 pro
489 2113 597 2172 oonsuli
610 2113 737 2170 traderet.

259 2269 339 2329 XLI.
369 2268 522 2335 Hannibal,
536 2268 658 2342 undique
673 2276 813 2324 contracto
826 2259 959 2340 exercitu,
978 2281 1060 2342 quem
1074 2268 1103 2327 in
1113 2268 1155 2328 hi-

221 2347 315 2408 bernis
327 2358 375 2406 ant
387 2348 415 2404 in
429 2346 563 2421 presidiis
576 2346 634 2422 agri
648 2345 747 2402 Bruttii
768 2346 910 2413 habuerat,
931 2346 961 2404 in
975 2346 1105 2404 Luoauos
1118 2347 1155 2404 ad

186 2427 406 2484 aaGrumeutum
420 2425 503 2494 venit,
518 2442 566 2499 epe
580 2419 732 2496 reeipiendi
745 2423 855 2498 oppida,
869 2443 930 2497 quae
942 2441 991 2498 per
1002 2434 1107 2481 metum
1118 2423 1155 2484 ad

221 2503 366 2564 Romanos
377 2502 552 2566 defeoissent.
592 2499 698 2558 Eddem
711 2519 728 2556 a
741 2499 866 2558 Venusid
887 2501 984 2558 oonsul
1007 2501 1155 2560 Romanus

221 2580 368 2656 exploretis
381 2578 527 2638 itineribus
539 2577 700 2646 contendit,
733 2588 762 2636 et
784 2579 858 2636 mille
872 2578 929 2636 l'erd
943 2589 972 2636 et
989 2579 1155 2654 quingentos

222 2678 320 2734 passus
332 2669 421 2716 eastra
434 2657 469 2714 ab
482 2656 559 2714 hoste
572 2655 653 2713 locat.
692 2655 838 2714 Grumenti
852 2657 989 2714 moenibue
1006 2659 1089 2732 prope
1112 2658 1155 2716 in·

220 2737 348 2812 junctum
361 2735 503 2791 videbatur
530 2735 678 2792 Poenorum
692 2734 812 2792 vallum:
839 2735 983 2810 quingenti
1003 2753 1100 2809 passus
1112 2735 1155 2794 in·
1183 2799 1188 2814 ,

190 2823 354 2872 anteferant.
394 2811 492 2868 Castra
505 2809 612 2868 Punica
625 2831 659 2868 ao
673 2811 802 2868 Romana
815 2813 885 2870 inter
896 2812 1007 2886 jacebat
1019 2829 1155 2886 eampust
1184 2815 1187 2822 '

223 2889 309 2950 oolles
334 2887 517 2946 imminebant
541 2888 609 2944 nudi
635 2888 745 2946 sinistro
771 2889 849 2947 lateri
871 2883 1154 2962 Carthaginiensium,

222 2969 321 3030 dextro
335 2967 535 3036 Romanorum,
549 2965 654 3023 neutris
666 2967 796 3041 suspecti,
810 2965 881 3041 qudd
895 2965 963 3022 nihil
977 2965 1051 3022 silve
1064 2984 1156 3042 neque

222 3047 258 3104 ad
271 3044 386 3102 insidias
398 3041 563 3100 latebrarum
577 3043 723 3101 habebant.
764 3045 797 3101 ln
811 3045 903 3102 medio
916 3061 1024 3132 campo,
1047 3043 1082 3113 ab
1102 3053 1155 3102 sta·

222 3123 344 3182 donibus
369 3132 572 3199 presumentes,
599 3123 760 3189 certamina,
784 3121 858 3181 haud
877 3121 943 3178 satis
962 3121 1048 3197 digna
1066 3121 1154 3195 diotu,

192 3201 360 3260 aserebant.
400 3199 434 3257 Id
448 3197 529 3256 modd
542 3199 703 3256 Romanum
716 3217 837 3274 querere
851 3199 1007 3273 apparebat,
1028 3219 1064 3256 ne
1078 3199 1155 3258 abire

223 3280 331 3338 bostem
356 3288 502 3353 pateretur.
542 3276 693 3350 Hannibal,
719 3278 784 3334 iude
806 3279 923 3334 eradere
943 3277 1067 3352 oupiens,
1088 3278 1155 3336 totis

224 3357 327 3415 viribus
339 3357 368 3414 iu
382 3354 472 3413 aciem
486 3353 680 3414 descendebat.
720 3352 796 3412 Tum
810 3355 914 3425 oonsul,
936 3355 1048 3431 ingenio
1068 3354 1154 3412 hostis

224 3453 300 3505 usus,
312 3432 368 3508 qud
380 3431 473 3492 minus
485 3433 513 3490 in
527 3443 583 3490 tam
597 3434 697 3508 apertis
714 3433 830 3490 oollibus
850 3433 940 3492 timeri
960 3431 1067 3492 insidia
1079 3441 1155 3505 pote-

225 3527 299 3583 rant,
322 3512 442 3586 quinque
461 3511 597 3583 cobortes,
623 3512 724 3570 additis
748 3511 868 3585 quinque
888 3510 1044 3588 manipulis,
1070 3520 1154 3568 noete

193 3589 321 3665 &jugum
334 3606 471 3664 superare,
485 3598 513 3646 et
527 3589 556 3646 in
570 3589 671 3646 aversis
684 3589 798 3646 vallibus
811 3588 954 3646 considere
968 3588 1064 3663 jubet:
1085 3598 1154 3646 tem-

226 3685 279 3742 pus
291 3666 456 3742 exsurgendi
469 3684 505 3722 ex
519 3665 634 3737 insidiis,
648 3677 675 3724 et
688 3666 867 3744 aggrediendi
881 3666 997 3736 bostem,
1010 3663 1057 3722 Ti.
1071 3665 1154 3725 Clau·

192 3842 197 3853 ¹
226 3745 304 3806 diurn
323 3743 448 3804 Asellum
468 3743 609 3879 trilpppum
621 3745 738 3804 militum
751 3755 779 3803 et
792 3745 822 3803 P.
834 3744 982 3805 Claudium
994 3741 1154 3818 pressorum
