2620 4200
180 357 239 418 218
561 352 724 406 rrrrmnr

182 517 306 566 novena,
316 493 474 572 perUrbem
482 504 589 568 euntes,
597 506 857 564 corruencanereqt.
889 491 1114 570 quuuminlo.

181 579 224 636 vis
238 576 352 634 Statoris
365 575 423 635 rede
431 575 579 646 discerent,
592 575 733 635 conditum
744 575 779 634 ab
790 573 868 634 Livio
880 573 973 648 poete,
984 591 1113 648 (alarinen.i

181 664 256 712 tacta
268 655 303 712 de
316 653 388 712 coelo
402 653 474 710 edes
488 652 517 710 in
530 652 670 711 Aventino
687 652 806 710 lunonis
825 651 960 730 Reginae:
989 650 1111 738 prodigis

181 751 282 806 umque
296 732 324 788 id
337 732 373 788 ad
386 740 524 801 matronas
546 730 692 804 pertinere,
705 730 846 805 aruspices
857 728 1110 804 quumrespondrs-
1146 799 1148 804 Ι

181 820 252 882 sent,
270 810 394 882 donoque
415 808 513 869 Divum
536 809 700 883 placandam
720 827 797 878 esse3
831 807 952 866 aedilium
970 806 1109 864 curulium
1129 818 1146 857 ⁵

181 888 273 946 edicto
295 888 322 944 in
345 887 512 961 Capitolium
531 897 697 952 convocatae,
721 885 820 960 quibus
839 885 867 942 in
888 885 955 942 urbe
969 884 1109 956 Romana,

181 965 306 1039 intraque
320 965 459 1022 decimum
480 964 598 1038 lapidem
622 964 656 1020 ab
670 964 747 1030 urbe,
767 962 907 1036 domicilia
926 972 1026 1032 essent,
1041 962 1109 1036 ipsae

180 1043 252 1101 iuter
266 1062 294 1100 se
314 1042 434 1116 quinque
454 1052 484 1098 et
502 1042 598 1116 viginti
618 1041 788 1116 delegerunt,
812 1042 846 1098 sd
860 1060 927 1115 quas
946 1059 981 1098 es
1000 1039 1111 1098 dotibus

181 1121 280 1195 stipem
294 1120 458 1180 oonseirent.
498 1118 568 1176 Inde
588 1120 690 1176 donum
711 1119 796 1193 pelvis
809 1137 893 1191 aurea
906 1117 986 1185 facta,
1000 1117 1109 1190 lataque

180 1198 211 1256 iu
231 1198 411 1269 Aventinum,
431 1195 553 1272 pureque
573 1209 602 1256 et
629 1196 706 1254 caste
726 1216 744 1252 a
761 1196 892 1254 matronis
911 1193 1109 1260 sacrificatum.
1119 1205 1145 1244 1⁰

181 1275 335 1335 Confestim
348 1276 383 1332 ad
403 1275 478 1332 eliud
497 1275 663 1339 sacrificium
677 1275 767 1332 eidem
791 1275 869 1332 Divae
892 1274 926 1329 ab
946 1271 1111 1330 decevarIs

180 1354 274 1410 edicta
293 1354 361 1420 dies,
384 1353 464 1427 cujus
484 1353 551 1410 ordo
571 1353 633 1410 talis
647 1352 715 1409 luit:
749 1353 783 1408 ab
797 1351 855 1408 aede
870 1349 1005 1426 Apollinis
1026 1349 1110 1408 bores

181 1431 301 1490 fremiuae
314 1432 382 1487 albe
396 1431 457 1487 duae
477 1432 554 1505 porti
568 1430 736 1490 Carmentali
753 1430 782 1486 in
804 1431 899 1487 urbem
913 1429 1022 1485 ducta:
1048 1437 1110 1502 post

181 1528 230 1580 eas
243 1511 297 1568 duo
311 1509 390 1584 signa
403 1503 549 1583 oppresses
562 1508 681 1566 Iunonis
695 1508 813 1583 Regina
826 1507 1019 1582 portabantur:
1048 1516 1108 1562 tom
1140 1567 1144 1572 ,

181 1598 287 1663 septem
301 1599 329 1644 et
341 1586 437 1662 viginti
460 1587 588 1662 virgines,
609 1587 719 1662 longam
741 1586 843 1643 indutae
864 1596 976 1653 vestem,
997 1593 1145 1640 carmenls

180 1665 210 1723 in
224 1665 362 1722 lunonem
377 1665 518 1739 Reginam
532 1675 663 1722 canentes
679 1665 766 1730 ibant,
789 1664 836 1720 ille
859 1671 1019 1737 tempestate
1033 1659 1110 1720 sorsi-

181 1752 228 1798 tau
242 1742 378 1799 laudabile
399 1743 513 1798 rudibus
526 1742 653 1816 ingeniis,
669 1759 745 1802 nunc
768 1741 917 1798 abhorrens
937 1750 965 1795 et
984 1737 1110 1796 incondi-

179 1830 249 1889 tum,
263 1821 288 1874 si
299 1819 439 1874 reseratur.
479 1819 631 1894 virgiuum,
650 1819 776 1875 ordinem
799 1819 983 1892 sequebantur
999 1817 1109 1872 decem-

180 1895 231 1954 viri
249 1896 373 1953 coronati
395 1895 495 1966 laurea,
519 1896 732 1970 praetextathbe.
773 1897 799 1954 A
820 1897 896 1970 portel
916 1894 1031 1970 Iugario
1049 1893 1109 1954 vico

101 2041 105 2048 ἱ
180 1973 442 2032 lusorumvenbre:
470 1973 499 2030 in
514 1973 571 2031 soro
590 1982 690 2048 pompa
709 1975 848 2042 constitit;
882 1981 1143 2048 ceperannum

180 2065 253 2108 reste
267 2052 339 2123 dall,
360 2052 480 2126 virgines
500 2070 598 2109 sonum
619 2053 693 2110 vocis
713 2053 793 2127 pulsu
813 2053 914 2128 pedum
934 2049 1110 2108 modulantes

182 2128 374 2188 incesserunt:
394 2130 460 2186 inde
473 2129 534 2187 vico
547 2129 643 2188 Tusco
655 2129 837 2204 Velabroque,
853 2149 901 2204 per
914 2128 1044 2196 Boarium
1057 2127 1111 2186 Fo-

180 2224 252 2277 rum,
273 2207 302 2262 in
325 2207 434 2265 Clivum
461 2208 617 2264 Publicium
643 2218 723 2282 etque
744 2209 831 2265 aedem
851 2206 969 2264 lunonis
989 2204 1110 2284 Reginae

180 2294 351 2358 perrectum:
371 2285 409 2341 ibi
422 2284 484 2342 dure
498 2284 592 2344 hostiae
612 2285 647 2342 ab
669 2287 832 2344 decemviris
855 2285 1011 2357 immolatae,
1030 2293 1059 2340 et
1075 2281 1110 2344 si·

180 2362 304 2420 mulsere
317 2381 464 2438 cupressea
475 2363 505 2420 iu
518 2364 605 2422 rudem
616 2363 698 2422 illata.
973 2359 979 2365 ’
1117 2370 1144 2414 ab

219 2517 392 2574 XXXVIII.
414 2517 475 2577 nin
483 2517 534 2576 rite
547 2518 671 2593 placatis,
686 2519 823 2587 delectum
832 2519 961 2578 consules
971 2516 1119 2582 habebant,
1194 2558 1201 2566 -

182 2594 274 2650 acrius
288 2594 481 2668 intentiusque,
495 2597 576 2670 quim
597 2597 732 2670 prioribus
754 2598 834 2654 annis
853 2597 995 2672 quisquam
1014 2595 1110 2653 merni-

181 2682 261 2730 uerat
274 2671 412 2728 habitum:
443 2691 507 2731 uam
521 2683 550 2728 et
562 2673 625 2728 belli
639 2684 724 2730 terror
738 2675 892 2749 duplicatus
905 2675 968 2732 novi
982 2673 1064 2730 hostis
1077 2672 1109 2732 in

182 2748 291 2808 Italiam
304 2750 439 2818 adveutu;
461 2761 488 2806 et
501 2750 592 2806 miuus
611 2751 762 2825 juventutis
783 2764 851 2820 erat,
869 2753 944 2810 unde
958 2751 1110 2814 scriberent

181 2827 290 2885 milites.
331 2827 426 2902 Itaque
440 2828 550 2886 colonos
564 2828 646 2886 etiarn
660 2831 818 2902 maritimos,
839 2831 885 2906 qui
906 2840 1144 2887 sacrosanctarum

181 2907 355 2964 vacationem
369 2906 530 2962 dicebantur
544 2907 653 2977 habere,
667 2908 732 2976 dare
751 2910 850 2976 milites
870 2909 1020 2984 cogebant:
1051 2905 1110 2980 qui·

182 2982 235 3040 bus
248 2985 449 3050 recusantibus,
464 2983 573 3042 edixere
587 2985 616 3042 in
636 2986 715 3050 diem,
730 2997 843 3060 certam,
865 3002 902 3060 ut,
922 3004 975 3058 quo
994 2983 1117 3056 quisque.
1183 3052 1188 3058 ¹

181 3060 242 3139 jure
256 3062 427 3120 vacationem
444 3062 565 3134 haberet,
587 3063 622 3119 ad
641 3075 768 3124 senatum
788 3065 912 3122 deferret.
951 3061 992 3118 Ee
1012 3059 1057 3118 die
1077 3060 1108 3118 hi

183 3139 277 3212 pupuli
290 3141 324 3196 ad
345 3151 471 3197 senatum
483 3151 632 3198 venerunt:
666 3141 811 3212 Ostiensis,
835 3139 980 3204 AlsieusIs,
996 3137 1115 3211 Antias.

183 3217 323 3288 Anxurus,
338 3217 545 3288 Minturnensis,
560 3219 751 3290 Sinuessanus,
766 3231 793 3277 et
806 3219 840 3276 ab
853 3219 958 3292 Supero
969 3216 1043 3276 Mari
1057 3212 1142 3273 ὅθι-35

183 3293 285 3350 nensis.
324 3293 422 3354 Quum
435 3296 599 3354 vacationes
611 3315 675 3354 suns
696 3298 808 3371 quisque
830 3297 946 3370 populus
959 3296 1106 3362 recitaret3

183 3371 295 3440 nullius,
308 3391 391 3446 quum
405 3373 433 3430 in
448 3373 528 3432 Italia
538 3375 622 3432 hostis
634 3385 715 3446 esset,
728 3386 823 3450 praeter
842 3375 985 3434 Antiatem
997 3371 1108 3430 Ostien-

184 3467 306 3522 senique,
319 3451 425 3506 vacatio
437 3450 578 3509 observata
590 3463 649 3514 est:
676 3464 704 3510 et
716 3471 809 3513 earum
830 3452 1000 3515 coloniarum
1017 3450 1108 3526 juole-

185 3543 229 3582 res
239 3525 414 3600 jurejurando
428 3527 527 3600 adacti,
541 3548 622 3603 supra
634 3530 693 3588 dies
704 3532 815 3606 triginta
833 3549 888 3586 non
901 3529 1108 3606 pernoctaturos
1167 3536 1170 3542 '

187 3619 218 3656 se
231 3620 290 3658 esse
303 3613 380 3672 entra
392 3605 496 3661 menia*
506 3606 619 3676 colonia
633 3627 698 3674 suae,
713 3609 801 3667 donec
818 3609 903 3664 hostis
924 3609 952 3666 in
974 3605 1055 3666 Italia
1066 3617 1141 3664 esto

187 3686 238 3763 set..
274 3681 370 3746 Quum
383 3699 478 3738 omues
498 3695 653 3752 censerent,
676 3687 762 3760 primo
782 3703 887 3759 quoque
908 3697 1028 3762 tempore
1042 3702 1112 3742 ⁰011*

187 3752 291 3836 sulrbqs
311 3757 431 3830 eundum
451 3759 485 3815 ad
505 3759 606 3818 bellum
633 3761 710 3840 (nam
729 3773 757 3819 et
776 3763 944 3822 Hasdrubali
963 3779 1106 3822 occurren·
