2622 4194
521 331 621 390 mssa
636 335 683 388 111
701 345 762 388 eur.
773 344 852 386 xrrrr.
1100 340 1142 404 gp

207 473 252 540 bl.
276 475 424 540 cometes
447 479 478 538 in
503 479 638 556 Algidum
667 479 768 538 asbus
798 495 865 536 cum
896 475 929 536 1.
954 471 1083 540 Minucio
1108 491 1138 540 et

207 558 246 618 T.
260 559 383 618 Antonio
395 569 424 616 et
443 557 561 616 Caesone
581 557 676 616 Duilio
696 569 725 616 et
746 556 788 614 M.
802 555 918 632 Sergio:
951 556 999 632 Sp.
1013 556 1137 632 Oppium

208 637 265 712 Ap.
277 637 395 694 Claudio
406 636 559 712 adjutorem
582 636 617 694 ad
630 635 735 694 Urbem
757 634 899 708 tuendam,
920 652 999 710 usquc
1010 635 1139 696 omnium

208 715 426 774 decemvirorum
438 714 739 790 imperi0,decernunt

187 877 201 920 ⁵
244 869 341 928 XLII.
367 869 464 928 Nihilo
476 869 591 937 militie,
615 869 698 944 quim
712 868 796 941 domi,
810 867 912 926 melids
924 869 1081 944 respubIIca
1093 869 1140 928 ad·

207 947 361 1007 ministrata
373 959 426 1006 est.
464 948 517 1006 llla
529 945 614 1006 modd
626 948 656 1006 ln
679 947 798 1006 ducibus
817 946 909 1021 culpa,
930 948 1014 1021 qudd,
1033 958 1064 1006 ut
1075 948 1141 1006 odio

207 1036 301 1083 essent
320 1026 436 1093 civibus,
459 1027 600 1084 fecerant:
643 1023 697 1084 alia
716 1025 807 1082 omnis
829 1043 915 1100 penes
940 1025 1041 1082 milites
1066 1044 1142 1084 noxa

208 1114 286 1171 eret3
306 1104 362 1179 qui,
374 1122 411 1160 ne
424 1104 490 1179 quid
503 1105 589 1162 ductu
603 1114 683 1179 atque
698 1103 822 1179 auspicio
835 1103 1052 1160 decemvirorum
1064 1123 1140 1182 pros·

208 1179 273 1254 pere
287 1199 401 1255 usquam
413 1192 563 1256 gereretur,
584 1182 659 1240 vinci
672 1201 703 1240 se
716 1201 764 1256 per
778 1199 858 1238 suurn
876 1191 958 1254 etque
971 1180 1080 1242 illorum
1093 1181 1141 1238 de-

178 1265 202 1306 m
211 1257 296 1314 decus
307 1259 489 1332 patiebantur.
528 1258 597 1316 Fosi
610 1269 638 1316 et
651 1260 686 1316 ab
699 1259 810 1318 Sabinis
822 1258 858 1314 ad
871 1258 995 1328 Eretum,
1008 1258 1078 1316 etin
1092 1257 1141 1316 At-

209 1335 276 1411 gidc
288 1335 323 1392 ab
344 1336 451 1410 AEquis,
475 1337 613 1394 exercitus
635 1348 722 1396 erant.
761 1337 808 1394 Ab
828 1336 913 1396 Ereto
930 1355 979 1411 per
999 1336 1142 1394 silentium

209 1412 300 1470 noctis
313 1413 430 1490 profugi,
443 1414 557 1490 propirls
571 1413 682 1487 Urbem,
694 1415 764 1472 inter
777 1413 900 1472 Fidenas
911 1414 1143 1472 Crustumeriam-

209 1509 273 1564 que,
293 1491 356 1550 loco
373 1492 448 1550 edito
467 1502 558 1548 castra
576 1493 813 1552 communierunt:
844 1491 998 1567 persecutis
1018 1491 1144 1550 hostibus

209 1587 344 1647 nusquam
357 1588 387 1626 se
409 1587 487 1644 equo
506 1571 658 1628 certamine
679 1571 892 1640 committentes,
915 1569 1015 1628 naturai
1033 1569 1088 1626 loci
1107 1587 1143 1628 sc

157 1705 158 1710 χ
178 1646 288 1718 1⁵rello,
302 1665 357 1704 non
371 1646 470 1704 virtute
484 1659 532 1704 aut
545 1648 638 1716 armis,
652 1649 819 1706 tutabantur.
857 1646 951 1723 Mujus
964 1645 1099 1722 flagitium
1112 1647 1143 1706 in

210 1724 322 1800 Algido,
336 1725 421 1801 major
434 1725 519 1782 etiam
532 1725 625 1782 clades
643 1737 778 1800 acceptat
807 1735 898 1784 castre
917 1733 1027 1800 quoque
1041 1725 1144 1784 emissa

209 1813 306 1871 erent3
325 1815 478 1876 exutusque
491 1803 619 1860 omnibus
643 1803 816 1876 utensilibus,
837 1803 917 1860 miles
930 1802 1087 1862 Tusculum
1100 1822 1142 1872 se,

209 1879 264 1936 fide
277 1881 519 1954 misericordiique
531 1882 655 1939 victurus
677 1881 814 1956 hospitum
838 1880 914 1956 (quse
927 1892 1020 1940 tamen
1034 1900 1089 1938 non
1104 1881 1143 1940 se·

210 1957 361 2034 fellerunt),
380 1959 541 2018 contulerat.
580 1959 703 2016 Romam
725 1958 793 2016 tanti
816 1970 896 2016 erant
918 1969 1035 2016 terrores
1058 1958 1141 2027 allati,

177 2041 202 2080 2⁰
211 2044 250 2104 ut,
264 2034 352 2109 posito
362 2035 418 2110 jam
432 2036 607 2094 decemvirali
630 2037 703 2104 odio,
728 2036 823 2094 Patres
843 2036 950 2112 vigilias
962 2037 992 2094 iu
1006 2035 1081 2094 Urbe
1095 2037 1143 2094 hs·

211 2112 317 2168 bendas
329 2121 495 2180 censerent3
523 2132 628 2181 omnes,
651 2115 697 2188 qui
719 2133 768 2188 per
789 2125 897 2172 etatem
910 2132 987 2172 arms
1000 2114 1069 2172 serre
1082 2133 1144 2189 pos·

210 2200 282 2256 sent,
297 2190 435 2247 custodire
448 2189 561 2258 moenia,
581 2209 615 2248 ec
636 2211 685 2265 pro
707 2192 793 2264 portis
815 2193 947 2250 stationes
969 2210 1052 2267 egere
1063 2193 1148 2267 jube·¹

210 2279 288 2336 rent;
316 2286 394 2324 arma
415 2267 572 2325 Tusculum
586 2269 621 2324 ad
642 2268 862 2342 supplementum
885 2268 1076 2336 decernerent,
1097 2270 1145 2326 de·

210 2346 408 2420 cemvirosque,
422 2345 457 2402 eb
477 2363 542 2402 arce
563 2345 681 2403 Tusculi
702 2345 856 2422 degressos,
874 2345 904 2402 in
918 2346 1015 2402 castris
1027 2346 1144 2404 militem

177 2429 202 2470 ὕ
211 2423 332 2492 habere3
353 2433 442 2481 castra
455 2423 510 2480 alia
523 2442 540 2479 a
555 2421 671 2480 Fidenis
683 2423 711 2480 in
727 2421 861 2480 Sabinum
876 2441 972 2498 agrum
986 2423 1126 2482 transferri
1134 2445 1143 2494 3

210 2501 335 2576 belloque
349 2502 420 2560 ultro
432 2501 579 2560 inferendo
588 2501 721 2558 deterreri
735 2503 828 2558 hostes
840 2520 857 2560 u
870 2497 987 2560 consilio
999 2501 1083 2562 Urbis
1094 2521 1145 2578 op-

209 2580 375 2656 pugnsndae.

213 2809 218 2816 .
248 2735 359 2794 XLIII.
387 2735 434 2794 Ad
447 2735 541 2796 clades
554 2737 590 2794 ab
603 2737 728 2796 hostibus
748 2746 877 2813 acceptas
896 2732 953 2796 duo
971 2731 1092 2796 nefanda
1105 2733 1120 2794 s
1131 2768 1144 2784 -

210 2812 308 2872 cincre
319 2813 469 2872 decemviri
482 2815 546 2874 belli
559 2816 688 2890 domique
701 2815 844 2890 adjiciunt.
871 2817 904 2874 L.
918 2816 1043 2874 Siccium
1051 2813 1080 2870 in
1091 2815 1144 2870 Sa·
1169 2804 1174 2824 ¹

178 2889 293 2960 sobinis,
305 2909 354 2966 per
376 2889 509 2950 invidiam
532 2893 752 2964 decemviralem,
773 2894 946 2951 tribunorum
959 2891 1143 2948 creandorum

211 2969 428 3044 secessionisque
441 2969 597 3028 mentiones
610 2971 644 3026 ad
663 2971 760 3045 vulgus
780 2971 897 3028 militum
911 2967 1084 3026 sermonibus
1095 2987 1144 3026 cc·

211 3045 292 3104 cultis
303 3058 453 3114 serentem,
467 3048 686 3122 prospeculatum
711 3049 745 3104 ad
758 3048 851 3106 locum
864 3046 963 3104 cestris
974 3045 1143 3120 capiendum

211 3125 342 3182 mittunt:
362 3126 443 3184 datur
455 3125 597 3200 negotium
611 3126 752 3198 militibus,
775 3145 843 3200 quos
865 3124 998 3183 miserant
1010 3123 1143 3200 expediti·

209 3201 273 3260 onis
291 3203 352 3278 ejus
371 3202 499 3270 comites,
513 3214 544 3259 ut
555 3222 620 3260 eum
639 3215 793 3278 opportuno
813 3204 901 3262 sdorti
922 3201 985 3262 loco
1004 3202 1143 3260 interfice-

179 3288 281 3338 aerent.
320 3280 405 3338 Haud
419 3280 538 3338 inultum
550 3279 733 3348 interfecere:
764 3301 829 3340 nam
846 3281 924 3340 circu
940 3292 1143 3358 repugnantem

212 3357 314 3432 sliquct
326 3357 501 3416 insidiatores
513 3355 652 3426 cecidere,
674 3375 758 3433 quum
782 3360 840 3434 ipse
853 3377 883 3416 ss
895 3359 1067 3436 prevalidus,
1081 3357 1142 3432 puri

212 3433 314 3494 vitibus
326 3435 429 3504 aninlo,
443 3436 648 3494 circumventus
667 3448 810 3494 tutaretur.
849 3435 988 3496 Nuntiaut
1007 3436 1036 3496 in
1051 3443 1144 3495 castrt.

213 3513 315 3582 cereri,
328 3514 531 3590 precipitatum
551 3513 581 3572 in
595 3514 783 3572 insidiasesse
803 3511 927 3580 Siccium
946 3509 1059 3590 egregie
1072 3529 1155 3587 pug·.

213 3601 338 3660 nmtsm,
348 3593 505 3667 ,militesque
523 3591 658 3666 quosdam
671 3612 737 3650 cum
748 3612 783 3650 ec
795 3590 918 3652 amissos.
957 3585 1049 3650 Primd
1072 3587 1142 3646 fides

146 3670 149 3676 ’
179 3667 404 3728 summatibus
424 3670 483 3730 luit.
523 3669 651 3730 Prosecta
673 3666 774 3730 deinde
797 3671 897 3730 celsus
912 3665 1141 3742 adwpel'ttndos.

212 3746 261 3830 qui
270 3747 444 3820 ceciderunt,
463 3748 681 3885 decgsprrircrum
704 3749 853 3826 permissa,
873 3741 1155 3828 postquamnullum.
1267 3743 1273 3752 '
