2622 4194
558 358 662 412 urnae
677 361 697 412 1.
715 372 825 410 eren.
1123 361 1158 420 ιε

205 501 219 534 ³
272 493 312 558 X.
330 493 557 560 iamadmadnrn
580 501 696 576 mitigati
709 500 802 566 ¹animi
821 498 1010 574 rapticerant:
1031 507 1059 556 at
1071 509 1161 576 raptas

190 568 202 630 i
233 592 296 636 rum
319 587 447 652 parentes
470 588 528 634 tum
553 577 675 636 maxime
701 574 812 636 sordide
834 587 907 634 reste
929 576 1110 651 lacrymisque
1132 587 1162 635 et

190 635 194 719 l
236 654 353 729 querelis
365 655 491 712 civitates
500 655 697 712 concitabant:
717 673 772 712 nec
784 653 858 710 dorni
872 653 980 710 tanturn
996 653 1162 728 indignatio·

234 751 285 788 nes
310 731 499 798 continebant,
517 733 567 788 sed
593 732 832 808 congregabantur
856 731 978 804 undique
1004 732 1038 788 ad
1063 730 1162 788 Titum

202 808 361 880 emtum,
372 827 468 884 regem
487 809 674 867 Sabinorum:
693 819 722 866 et
743 808 895 884 legationes
914 805 959 875 eri,
982 807 1056 882 qubd
1078 808 1163 866 maai·

236 905 313 943 mum
338 885 415 943 Tatii
437 905 539 942 nomen
560 886 589 943 in
610 886 653 942 his
677 885 837 961 regionibus
861 895 928 952 erat,
954 885 1162 943 conveniebant.

237 963 420 1020 Caenineuees
435 962 660 1038 Crustuminique
680 973 709 1020 et
730 964 912 1020 Antemnates
932 972 1020 1028 erant,
1041 964 1076 1020 ad
1095 982 1164 1037 quos

187 1034 202 1092 i'
234 1040 298 1114 ejus
311 1041 418 1116 injuria
429 1059 493 1116 pars
506 1041 669 1116 pertinebat
709 1038 800 1097 lente
814 1059 896 1114 agere
915 1039 949 1096 iis
966 1039 1066 1098 Tatius
1086 1040 1165 1098 Sabi·

236 1118 322 1191 nique
335 1118 386 1174 visi
394 1127 470 1174 sunu
511 1118 568 1192 Ipsi
588 1118 659 1175 inter
679 1136 709 1174 se
728 1127 784 1174 tres
805 1117 898 1192 populi
913 1117 1095 1174 communiter
1108 1117 1165 1174 bel-

205 1207 232 1246 λθ
240 1195 296 1252 lum
306 1205 414 1270 :puerit
454 1195 500 1252 Ne
514 1195 687 1252 Crustumini
700 1195 810 1268 quidem
821 1205 901 1267 atque
912 1194 1104 1266 Antemnates,
1117 1213 1166 1270 pro

242 1271 338 1330 ardore
355 1271 452 1345 :irtqoe
475 1271 694 1338 Ceninensium
708 1272 776 1328 sutis
793 1290 823 1328 se
845 1269 962 1345 impigre
983 1282 1108 1328 movent:
1128 1272 1167 1328 ita

235 1367 333 1423 perse
345 1349 436 1423 ipsum
447 1367 550 1404 nornen
563 1348 709 1406 Creuinum
720 1349 749 1406 in
760 1367 855 1422 agrum
867 1349 1026 1405 Romanum
1035 1349 1167 1422 impetum

242 1425 317 1501 facit.
357 1426 415 1482 Sed
436 1423 523 1482 effuse
542 1425 710 1482 vastantibus
730 1426 761 1482 fit
779 1425 876 1482 obvius
895 1444 960 1482 cum
975 1427 1098 1482 exercitu
1110 1426 1169 1484 Ro-

241 1503 343 1570 muns,
352 1502 459 1575 levique
467 1503 617 1560 certamine
625 1503 715 1572 docet,
723 1519 821 1558 ranam
833 1503 892 1558 aine
900 1502 1002 1559 viribus
1013 1503 1080 1558 iram
1091 1521 1168 1560 esse:

205 1581 394 1637 rteaercitum
414 1580 507 1637 sundit
527 1579 675 1655 fugatque:
702 1579 794 1636 susum
813 1579 999 1652 persequitur:
1026 1597 1118 1654 regem
1140 1580 1169 1636 in

237 1657 339 1730 pretio
358 1657 515 1729 obtruncat,
534 1669 563 1714 et
582 1657 699 1731 spoliat:
718 1657 791 1715 duce
810 1656 930 1713 hostium
949 1656 1052 1723 neniae,
1073 1657 1170 1716 urbem

239 1735 331 1807 primo
352 1735 456 1808 impetu
476 1734 558 1808 capit.
597 1733 669 1790 Inde
689 1733 812 1791 exercitu
831 1733 934 1790 victore
954 1735 1077 1804 reducto,
1101 1735 1169 1809 ipse,
1223 1781 1227 1788 ,

239 1829 328 1884 quum
351 1813 430 1868 sactis
442 1812 483 1868 vir
503 1810 678 1886 magnificus,
691 1821 750 1867 turn
771 1810 905 1868 factorum
924 1821 1072 1868 ostentator
1095 1811 1171 1868 haud

244 1888 341 1959 minor,
356 1888 442 1964 spolia
458 1889 537 1945 ducis
557 1889 675 1946 hostium
696 1888 761 1950 caesi
782 1906 921 1962 suspensa·
935 1887 1066 1946 fabricato
1087 1889 1122 1944 ad
1142 1889 1171 1946 id

212 1963 308 2039 mepte
334 1966 439 2022 serculo
463 1985 572 2040 gerens,
593 1966 622 2022 in
645 1965 812 2040 Capitolium
835 1965 995 2023 adscendit:
1021 1965 1112 2038 ibique
1137 1983 1172 2022 ee

245 2061 330 2114 quum
343 2043 378 2098 ad
391 2061 522 2115 quercum
534 2043 687 2116 pastoribus
700 2061 806 2099 sacram
819 2042 999 2116 deposuisset,
1013 2042 1093 2098 simul
1107 2061 1172 2099 eum

248 2119 321 2174 dono
340 2119 493 2191 designavit
517 2121 619 2192 templo
640 2119 715 2178 Jovis
735 2119 815 2186 fines,
836 2138 1044 2196 cognomenque
1067 2119 1173 2176 addidit

249 2193 327 2250 Deo:
349 2192 485 2268 “Jupiter
498 2193 632 2263 Feretri,'’
646 2195 746 2268 inquit,
758 2207 776 2232 ‘⁶
785 2197 845 2254 haec
867 2197 918 2256 tibi
939 2197 1023 2254 victor
1036 2197 1174 2254 Romulus

249 2281 329 2328 “rex
342 2272 419 2345 regia
432 2289 508 2326 arma
516 2270 591 2339 sero;
602 2272 788 2344 templumque
797 2273 830 2328 iis
837 2272 1006 2346 regionibus,
1016 2293 1083 2345 quas
1091 2273 1175 2330 modu

214 2353 266 2407 κί’
278 2348 370 2404 animo
391 2358 508 2404 metatus
528 2367 599 2419 sum,
620 2347 730 2414 dedico,
750 2348 845 2404 sedern
864 2347 962 2422 opimis
982 2349 1083 2422 spoliis,
1104 2367 1174 2422 que,

249 2431 267 2457 “
278 2425 390 2500 regibus
400 2425 572 2500 ducibusque
581 2424 798 2494 hostiumcaesis‚
813 2443 857 2480 me
871 2434 1010 2482 auctorem
1019 2437 1174 2500 sequentes

249 2503 380 2577 “posteri
394 2503 509 2559 serent.''
550 2502 620 2562 Haec
633 2501 728 2576 templi
740 2517 782 2558 est
801 2502 888 2576 origo,
902 2503 973 2575 quod
986 2502 1105 2578 primum
1117 2523 1176 2562 om·

248 2580 326 2636 nium
340 2580 439 2638 Rome
452 2590 588 2641 sacratum
602 2589 652 2640 est.
692 2579 736 2635 Ita
748 2579 849 2640 deinde
862 2579 925 2640 Diis
937 2580 1034 2647 visum,
1049 2600 1103 2639 nee
1116 2581 1177 2652 irri7

249 2667 304 2714 tam
318 2657 468 2715 conditoris
480 2657 574 2732 templi
588 2675 684 2716 vocem
697 2675 768 2722 esse,
782 2656 836 2730 qut
856 2657 958 2714 laturos
973 2676 1007 2714 ea
1018 2658 1105 2731 spolia
1116 2677 1177 2732 pos·

215 2743 323 2791 soteres
343 2734 528 2808 nuncupavit3
556 2753 619 2800 nec,
641 2733 816 2794 multitudine
839 2745 1006 2808 compotum,
1029 2736 1090 2809 ejus
1110 2736 1177 2792 doni

250 2811 355 2886 vulgari
375 2811 494 2869 laudem.
543 2811 616 2875 Bina
636 2821 740 2886 postea,
761 2811 832 2868 inter
851 2821 891 2868 tot
913 2829 1012 2882 annos,
1033 2821 1072 2870 tot
1094 2811 1176 2878 bella,

249 2888 342 2964 opima
354 2899 431 2964 parta
444 2898 508 2946 sunt
521 2888 625 2964 spoliat
646 2887 715 2946 aded
728 2907 789 2946 rara
801 2887 861 2966 ejus
874 2888 985 2946 fortuna
995 2886 1103 2949 deeoris
1116 2888 1176 2946 suit.

289 3043 343 3102 XI.
365 3043 440 3100 Durn
453 3063 487 3102 ea
506 3044 544 3102 ibi
558 3044 680 3105 Romani
693 3056 801 3120 gerunt,
816 3043 1026 3102 Antemnatium
1039 3045 1178 3103 exercitus

251 3139 300 3194 per
313 3122 488 3179 occasionem
501 3141 534 3178 ac
555 3123 730 3183 solitudinem
750 3122 883 3180 hostiliter
903 3122 932 3176 iu
952 3119 1021 3178 fines
1034 3122 1178 3182 Romanos

218 3197 439 3264 acincursionem
462 3200 546 3256 lacit:
566 3200 664 3275 raptim
684 3209 712 3256 et
732 3200 766 3256 ad
786 3201 836 3256 hos
856 3199 985 3258 Romana
1003 3199 1076 3276 legio
1093 3201 1180 3258 dueta

253 3274 359 3348 palatos
378 3276 408 3332 in
429 3275 501 3350 agris
520 3277 662 3352 oppressit.
710 3273 778 3333 Fu'si
801 3276 884 3352 igitur
908 3277 996 3350 primo
1021 3278 1126 3352 impetu
1151 3286 1179 3334 et

253 3351 373 3409 clamore
386 3352 495 3410 hostes:
515 3353 646 3429 oppidum
659 3364 787 3428 captum:
807 3352 963 3428 duplicique
974 3354 1087 3412 victoriti
1097 3372 1180 3410 ovan-

255 3437 311 3484 tem
324 3429 477 3487 Romulum
490 3431 612 3488 Hersilia
632 3431 742 3506 conjux,
756 3431 884 3506 precibus
905 3442 1042 3506 raptarum
1056 3429 1179 3506 fatigata,
1191 3449 1193 3456 ’

256 3515 322 3572 urat,
343 3516 373 3563 ut
393 3507 553 3582 parentibus
572 3527 667 3564 earnm
685 3509 733 3564 det
751 3507 869 3576 reniam,
887 3520 916 3566 et
934 3509 964 3566 in
984 3507 1121 3565 civitatem
1135 3527 1181 3568 ae·

223 3580 354 3654 recipiat3
375 3583 414 3640 ita
433 3602 491 3640 rem
515 3586 670 3645 coalescere
691 3585 840 3643 concordii
859 3605 946 3660 posse.
986 3583 1082 3642 Facile
1096 3586 1181 3661 impe·

236 3695 243 3708 2
257 3666 365 3724 tratum,
399 3660 470 3718 Inde
481 3672 578 3719 contra
589 3662 782 3719 Crustuminos
792 3662 939 3736 profectus,
949 3661 1051 3718 bellum
1062 3663 1181 3722 inferen-

257 3744 307 3792 tes.
347 3735 390 3804 lbi
403 3737 495 3810 minus
505 3738 597 3806 etiarn,
609 3738 683 3814 quod
697 3738 794 3798 alienis
807 3739 932 3822 cladibus
948 3737 1108 3802 'ceciderant
1123 3738 1182 3796 ani·
