2622 4194
558 319 661 376 mann
675 324 696 374 1.
713 336 859 374 oar-xuni.
972 401 975 408 Ι
1048 373 1050 377 ,
1133 327 1203 402 ω
1276 314 1283 334 l

241 478 275 530 et
286 465 371 530 uirtus
383 478 410 527 et
423 466 534 526 fortuna
544 467 646 527 enituit
665 466 769 524 Tullii:
798 467 913 542 fusoque
926 466 1032 544 ingenti
1054 457 1178 528 hostiurn

244 549 376 617 exercitu,
389 547 464 604 haud
487 547 588 605 dubius
610 565 667 614 rex,
693 564 743 604 seu
766 545 878 602 Patrum
898 564 948 602 seu
964 545 1053 620 plebis
1067 545 1175 604 animos

239 626 450 702 periclitaretur,
466 625 586 684 Romam
600 623 690 682 rediit.
730 624 954 698 Aggrediturque
968 623 1033 680 inde
1047 624 1082 680 ad
1095 625 1173 698 pacis

243 705 323 778 longe
337 703 488 760 maximum
502 721 571 778 opus
583 713 651 772 rut,
664 701 895 776 quemadmodum
910 701 1004 758 Numa
1012 699 1099 758 divini
1109 720 1175 758 auc-

209 793 282 849 „tm
292 782 363 858 juris
377 781 482 848 suisset,
506 782 545 838 ita
566 780 693 838 Servium
715 779 886 840 conditorem
902 779 993 836 omnis
1013 778 1043 836 in
1064 779 1175 836 civitate

209 851 231 924 ii
240 859 411 916 discriminis
430 859 623 934 ordinumque,
636 859 736 931 quibus
756 859 827 914 inter
842 858 944 932 gradus
958 857 1101 930 dignitatis
1121 856 1174 917 fot·

214 937 370 1012 ‘ituuaequa
394 936 497 1011 aliquid
517 937 674 1009 interlucet,
696 936 796 1010 posteri
810 935 884 991 sams
898 935 1010 993 ferrent.
1051 934 1176 998 Censum
1205 993 1209 1002 ,

213 1008 317 1072 *enim
329 1015 456 1084 instituit,
470 1034 527 1072 rem
542 1013 750 1070 saluberrimam
771 1022 847 1070 tanto
871 1013 960 1070 sutoro
972 1011 1089 1086 imperio
1097 1032 1105 1082 ;
1138 1031 1175 1070 ex

207 1087 227 1171 ξ’
241 1111 295 1166 quo
308 1093 373 1150 belli
386 1094 517 1167 pacisque
532 1092 627 1149 munia
640 1111 695 1148 non
709 1091 819 1170 viritim,
842 1101 873 1146 ut
886 1089 960 1157 antri,
974 1091 1023 1146 sed
1036 1110 1085 1165 pro
1098 1090 1176 1148 habi·

211 1185 228 1228 ὁ
242 1180 272 1226 tu
285 1171 466 1244 pecuniarum
479 1172 585 1228 fierent.
626 1169 702 1226 Tum
716 1168 819 1226 classes
842 1169 1035 1242 centuriasque
1058 1179 1086 1224 et
1099 1169 1176 1224 hunc

208 1247 368 1310 &ordinem
381 1267 418 1306 ex
430 1267 518 1307 censu
532 1247 686 1321 descripsit,
701 1247 742 1306 vel
755 1247 818 1320 paci
831 1247 973 1318 decorum,
986 1246 1028 1302 vel
1042 1246 1123 1302 bello.

280 1403 391 1462 XLIII„
419 1405 462 1463 Ex
476 1405 520 1477 iis,
539 1404 586 1480 qui
606 1415 717 1462 eentum
738 1404 853 1462 millium
874 1405 945 1472 aeris,
966 1413 1014 1461 ant
1034 1404 1174 1479 majorem,

241 1501 359 1540 censum
373 1483 515 1550 haberent,
530 1484 672 1557 octoginta
685 1483 806 1540 coniecit
819 1483 969 1550 centurias,
984 1483 1176 1556 quadragenas

241 1561 381 1618 seniorum
395 1580 428 1618 ac
438 1561 589 1635 juniorum.
628 1561 721 1617 Prima
734 1561 830 1618 classis
843 1579 939 1617 omnes
950 1559 1086 1634 appellati.
1128 1559 1177 1616 Se·

210 1638 342 1704 iuniores,
365 1640 402 1694 ad
423 1639 498 1695 urbis
513 1639 666 1696 custodium
688 1651 718 1694 ut
737 1650 836 1712 praesto
855 1649 966 1706 essent;
996 1637 1123 1712 juvenes,
1146 1649 1177 1694 ut

241 1715 306 1772 loris
326 1716 397 1772 bella
417 1729 563 1791 gererent:
597 1735 673 1773 arma
700 1717 743 1772 his
763 1717 905 1790 imperata,
926 1717 1015 1790 galea,
1036 1715 1175 1791 clypeum,

240 1811 337 1863 ocreae,
352 1794 471 1862 loricae
489 1795 583 1852 onmia
603 1813 638 1850 en
658 1814 729 1852 aere:
750 1795 811 1850 haec
831 1805 861 1850 ut
880 1796 1032 1868 tegimenta
1052 1793 1176 1868 corporis

240 1882 350 1929 essent:
378 1872 433 1928 tela
452 1873 481 1928 in
495 1874 612 1939 hostem,
634 1874 765 1945 hastaque
779 1883 808 1928 et
816 1873 933 1946 gladius.
974 1871 1086 1928 Additae
1107 1871 1175 1926 huic

240 1948 322 2004 classi
337 1951 398 2006 dae
421 1950 527 2006 labriam
540 1951 683 2016 oenmriae,
698 1969 758 2022 quae
782 1952 841 2006 sine
855 1950 938 2006 armis
951 1949 1089 2023 stipendia
1102 1948 1175 2006 faca-

209 2036 321 2080 mrent:
343 2027 438 2082 datum
450 2046 560 2096 munus,
574 2038 604 2083 ut
624 2029 768 2084 machinas
789 2028 817 2084 in
833 2027 904 2083 bello
918 2027 1029 2083 ferrent.
1071 2027 1177 2082 Secun-

241 2101 278 2156 da
298 2102 395 2158 classis
415 2103 487 2158 intra-
505 2117 617 2164 centum
638 2123 724 2177 usque
754 2107 788 2160 ad
815 2105 935 2178 quinque
955 2115 983 2161 et
1003 2105 1177 2178 septuaginta

241 2179 360 2236 millium
381 2198 494 2236 censum
516 2181 657 2247 instituta;
677 2193 752 2236 etex
766 2183 818 2247 bis,
839 2183 994 2238 senioribus
1010 2182 1177 2256 junioribus·

241 2275 304 2330 que,
329 2257 426 2332 viginti
439 2257 603 2330 conscriptae
624 2258 774 2312 centurie:
807 2278 882 2314 arma
902 2260 1043 2332 imperata,
1065 2270 1177 2314 scutum

240 2351 289 2408 pro
303 2335 410 2409 clypea,
425 2346 461 2406 et,
474 2347 573 2408 praeter
586 2335 710 2405 loricam,
730 2335 824 2392 omniu
836 2336 942 2390 eadem.
983 2335 1087 2390 Tortiae
1107 2335 1176 2390 clas·

207 2413 278 2468 assis
304 2413 333 2468 in
352 2413 553 2486 quinquaginta
573 2413 689 2468 millium
710 2431 825 2468 censum
845 2431 906 2468 esse
927 2413 1028 2470 voluit:
1062 2413 1176 2468 totidem

240 2491 373 2547 centuriae
387 2492 473 2560 etbae,
485 2491 637 2563 eodemque
649 2491 809 2554 discrimine
818 2490 947 2560 aetatium,
957 2491 1036 2547 sactae
1049 2510 1055 2545 :
1076 2509 1130 2548 nec
1141 2492 1176 2560 de

241 2571 323 2630 armis
337 2568 484 2642 quidquam
496 2579 649 2636 mutatum;
663 2567 864 2624 ocreaetantdm
880 2569 1023 2642 ademptae.
1051 2568 1086 2625 In
1097 2589 1176 2642 quar-

241 2646 370 2702 uiolasse
384 2665 484 2702 census
494 2647 615 2719 quinque
628 2659 657 2702 et
666 2646 764 2720 viginti
774 2647 905 2714 millium;
919 2648 1032 2704 totidem
1042 2648 1176 2704 centurie

240 2721 336 2780 factae:
356 2743 432 2780 arma
446 2735 564 2791 mutata;
584 2723 653 2780 nihil
669 2736 764 2798 praeter
775 2726 881 2782 ltustam
892 2736 1053 2782 etrerutnm
1067 2726 1173 2780 datum.

206 2799 349 2860 nQuin-ta
362 2801 457 2858 classis
476 2814 567 2868 aucta,
588 2802 720 2858 centuriae
734 2803 846 2875 triginta
860 2803 957 2860 factae:
991 2803 1092 2858 fundas
1105 2797 1174 2874 lapi·

241 2878 344 2952 desque
358 2879 474 2935 missiles
488 2880 516 2935 hi
537 2898 631 2936 secum
645 2881 796 2954 gerebant:
824 2881 851 2936 in
867 2881 910 2936 his
921 2879 1043 2944 accensi,
1057 2877 1177 2936 cornici·

214 2973 300 3022 ‘nes
324 2956 525 3031 tubicinesque,
549 2958 578 3014 in
601 2968 656 3014 tres
676 2959 815 3014 centurias
840 2956 987 3012 distributi.
1036 2951 1176 3013 Undecim

239 3034 361 3092 millibus
375 3036 434 3091 haec
443 3035 538 3092 classis
546 3036 719 3092 censebatur.
754 3037 817 3092 Hoc
828 3035 916 3092 minor
927 3052 1028 3090 census
1039 3034 1175 3108 reliquam

239 3113 444 3170 multitudinem
459 3114 569 3170 habuit:
598 3114 662 3170 inde
683 3133 738 3169 nna
751 3113 878 3170 centuria
891 3112 964 3168 facta
978 3123 1030 3179 est,
1044 3113 1176 3170 immunis

205 3207 231 3248 aa
240 3190 347 3249 militia
388 3190 432 3248 Ita
444 3191 565 3264 pedestri
579 3192 702 3268 exercitu
715 3203 811 3248 ornato
830 3190 1037 3266 distributoque,
1051 3190 1176 3264 equitum

240 3286 275 3326 ex
294 3269 460 3343 primoribus
481 3269 599 3325 civitatis
619 3269 766 3324 duodecim
787 3268 898 3342 scr-ipsit
916 3269 1065 3328 centurias.
1119 3269 1176 3324 Sex

239 3346 306 3404 item
321 3347 551 3412 disseminatas,
565 3347 652 3402 tribus
666 3348 701 3402 ab
714 3347 838 3402 Romulo
852 3346 992 3415 institutis,
1004 3346 1056 3404 sub
1066 3345 1174 3416 iisdem,

240 3425 339 3496 quibus
350 3425 522 3498 inauguratae
530 3436 617 3492 erant,
629 3424 787 3482 nominibus
796 3424 869 3480 secit.
890 3425 937 3480 Ad
947 3443 1032 3499 equos
1042 3422 1178 3480 emendos

241 3500 314 3558 dena
326 3502 412 3563 millia
427 3502 488 3558 aeris
501 3521 536 3558 en
548 3503 659 3576 publico
673 3503 754 3570 data;
786 3512 823 3572 et,
844 3501 943 3576 quibus
961 3519 1046 3574 equos
1059 3499 1174 3566 alerent,

207 3595 233 3634 to
242 3578 331 3638 viduoe
341 3581 490 3651 attributae,
498 3599 559 3654 qnoe
573 3581 638 3638 bina
651 3581 737 3654 millia
749 3580 811 3636 aeris
824 3580 852 3638 in
867 3599 955 3636 annos
973 3577 1095 3651 singulos
1108 3597 1176 3652 peru-

241 3656 348 3714 derent.
388 3659 459 3716 Haec
476 3658 570 3716 omnia
590 3658 619 3714 in
642 3659 713 3714 dites
724 3677 742 3715 a
753 3658 920 3732 pauperibus
935 3655 1067 3713 inclinata
1079 3673 1174 3725 onera,

239 3733 351 3792 Deinde
364 3748 406 3794 est
419 3737 506 3796 honos
527 3735 652 3870 addipps:
673 3755 729 3792 non
751 3736 827 3792 enim
848 3734 892 3813 (ut
905 3735 940 3792 ab
953 3729 1178 3796 Romulotradi-

1258 3857 1262 3885 l
