2620 4200
177 319 234 379 ωε
557 319 721 369 rrrrarrn

180 477 240 516 sum
253 477 352 536 agmen
365 451 510 535 carperent
521 459 556 516 ab
568 461 643 518 omni
656 461 986 538 parteincursarentque,
999 470 1027 518 ct
1037 459 1104 536 jam,

179 537 280 595 omisso
292 536 397 607 itinere,
418 539 490 611 quod
504 538 576 612 sugas
596 539 684 595 simile
698 549 765 610 erat,
785 539 983 595 castrametari
1002 538 1105 596 Poenus

180 614 210 670 in
224 614 329 671 tumulo
342 633 423 688 super
437 615 558 672 fluminis
579 617 667 690 ripam
691 617 789 684 vellet3
819 616 929 673 advenit
949 615 1044 672 Livius
1056 635 1105 690 pe-

181 691 268 747 ditum
287 692 415 748 omnibus
428 694 523 768 copiis,
538 712 593 750 non
613 693 717 750 itineris
729 695 821 765 modo,
842 694 890 750 sed
910 694 944 749 ad
958 711 1106 750 conseren-

179 768 245 824 dum
275 769 410 844 externplo
439 771 563 844 proelium
593 771 732 828 instructis
759 771 930 845 armatisque.
981 771 1038 827 Sed
1058 770 1142 826 ubit

178 863 275 902 omnes
288 847 381 921 copias
401 848 611 922 conjunxerunt,
634 849 791 924 dilectaque
814 849 889 905 acies
901 860 951 918 est,
972 848 1106 906 Claudius

179 922 274 981 dextro
287 925 315 980 in
329 943 424 992 cornu,
439 925 533 982 Livius
546 927 581 982 ab
594 926 703 984 sinistro
725 945 844 1002 pugnam
859 926 986 983 instruit:
1014 925 1106 982 media

180 1001 254 1058 acies
276 1002 384 1076 praetori
407 1004 510 1060 tuenda
527 1004 613 1061 datur.
655 1003 820 1070 Hasdrubal,
833 1003 933 1060 omissi
953 1003 1106 1062 munitione

169 1069 340 1145 castrorum,
355 1090 496 1154 postquam
516 1082 696 1157 pugnandum
717 1081 791 1152 vidit,
813 1082 842 1138 iu
862 1081 949 1156 primd
962 1082 1022 1137 acia
1041 1091 1106 1136 ante

181 1156 261 1230 signa
274 1157 433 1231 elephantos
446 1158 577 1216 collocat:
605 1160 681 1216 circa
693 1178 740 1216 eos
752 1159 820 1215 lavo
834 1160 861 1215 in
875 1177 961 1216 cornu
975 1160 1107 1215 adversus
1117 1169 1142 1207 1⁰

178 1233 328 1290 Claudium
342 1235 435 1302 Gallos
447 1237 566 1310 opponit,
587 1237 660 1293 haud
681 1235 786 1294 tantdm
800 1238 840 1292 eis
854 1236 951 1308 lidens,
970 1236 1107 1310 quantum

181 1311 216 1372 ab
230 1311 306 1368 hoste
317 1313 406 1370 umeri
420 1332 466 1370 cos
484 1315 622 1372 credebat.
662 1314 725 1388 Ipse
739 1316 864 1371 dextrum
878 1333 963 1372 cornu
977 1314 1107 1372 adsersus

181 1386 222 1445 Μ.
235 1389 344 1446 Livium
357 1391 408 1448 sibi
423 1401 502 1465 atque
517 1391 648 1467 Hispanis
672 1395 714 1467 (et
727 1393 764 1449 ibi
778 1392 896 1448 manime
911 1393 940 1449 in
953 1403 1043 1448 vetare
1053 1391 1106 1448 nri·

181 1466 228 1526 lite
242 1485 318 1542 spem
333 1468 463 1546 habebat)
477 1471 599 1544 sumpsit.
627 1471 746 1544 Ligures
759 1471 787 1526 in
802 1470 893 1527 medio
906 1481 966 1544 post
978 1469 1106 1543 elephan-

181 1553 223 1602 tos
236 1545 334 1619 positi:
355 1547 403 1602 sed
417 1547 531 1621 longior,
552 1546 634 1620 quam
648 1549 735 1616 latior,
747 1548 821 1605 acies
835 1560 901 1604 erat.
940 1547 1034 1604 Gallos
1047 1565 1106 1620 pro-
1116 1558 1142 1596 1⁵

181 1623 291 1682 minens
304 1624 381 1680 collis
401 1625 519 1699 tegebat.
559 1625 703 1696 Hastam,
724 1645 804 1700 quam
827 1625 944 1700 llispani
967 1625 1106 1694 tenebant,

148 1711 154 1718 ’
182 1717 246 1756 curn
267 1700 376 1758 sinistro
398 1701 588 1758 Romanmum
609 1722 695 1759 cornu
715 1704 872 1760 concurrit:
905 1704 1001 1760 dextra
1018 1702 1108 1760 omnis

182 1777 257 1855 acies
269 1789 345 1834 extra
358 1779 483 1851 proelium
501 1780 626 1836 eminens
639 1780 779 1839 cessabat:
813 1780 891 1838 collis
910 1781 1049 1855 oppositus
1068 1799 1109 1837 ar·

182 1853 271 1925 cebat,
285 1872 320 1910 ua
334 1865 381 1912 aut
393 1873 411 1910 a
423 1855 520 1922 fronte,
541 1867 588 1913 aut
610 1857 645 1912 ab
666 1857 749 1914 latere
770 1859 992 1933 aggrederentur.
1032 1857 1108 1915 Inter

183 1929 292 1988 Livium
306 1932 562 2007 Hasdrubalemque
582 1935 681 2009 ingens
694 1946 866 1993 contractum
880 1947 1019 1994 certamen
1040 1947 1108 2002 erat,
1117 1945 1142 1984 2⁰

183 2019 312 2084 atroxque
335 2011 425 2066 cades
446 2012 580 2085 utrimque
600 2012 740 2070 edebatur.
792 2013 836 2070 Ibi
856 2014 942 2072 duces
961 2014 1050 2084 ambo,
1071 2013 1110 2070 ibi

182 2106 246 2162 pars
259 2087 344 2161 major
356 2088 480 2163 peditum
492 2090 668 2164 equitumque
689 2091 878 2148 Romanorum
891 2111 899 2159 ;
930 2091 967 2148 ibi
982 2091 1109 2165 Hispani,

183 2175 261 2226 retus
275 2164 352 2222 miles
365 2166 521 2241 peritusque
536 2168 670 2224 Romana
693 2186 803 2243 pugna,
823 2179 851 2225 et
870 2169 996 2244 Ligures,
1011 2169 1111 2226 durum

184 2242 213 2298 in
234 2243 316 2298 armis
335 2261 439 2318 genus:
472 2245 569 2300 eddem
583 2245 653 2302 versi
666 2245 814 2320 elephanti,
833 2247 879 2320 qui
899 2247 986 2320 primo
1007 2247 1110 2320 impetu

184 2318 359 2378 turbaverant
372 2322 575 2397 antesignanos,
595 2333 623 2378 et
639 2323 696 2397 jam
716 2325 795 2399 signa
807 2335 947 2386 moverant
960 2324 1037 2381 loco:
1064 2324 1145 2396 dra-25

185 2398 259 2467 inde,
274 2411 415 2456 crescente
429 2401 579 2458 cartamine
593 2413 620 2456 et
633 2400 762 2468 clamore,
780 2400 955 2476 impotentids
965 2402 1021 2477 jam
1041 2401 1111 2475 regi,

184 2487 214 2532 et
233 2475 303 2532 inter
323 2474 391 2532 duas
411 2478 485 2534 acies
505 2478 615 2549 versari,
643 2479 717 2534 velut
743 2479 842 2535 incerti
861 2497 976 2554 quarum
995 2489 1110 2546 essent3

185 2553 259 2608 haud
273 2553 440 2610 dissimiliter
453 2555 568 2612 navibus
581 2555 640 2611 sine
654 2556 840 2630 gubernaculo
853 2557 937 2632 vagis.
968 2555 1110 2625 Claudius,

187 2627 292 2689 “Quid
313 2647 379 2704 ergo
401 2631 534 2705 praecipiti
554 2651 638 2688 cursu
661 2645 717 2689 tam
736 2633 849 2708 longum
869 2633 921 2690 iter
940 2633 1044 2691 emensi
1066 2651 1111 2688 su·

188 2705 324 2764 “must”
356 2706 500 2764 clamitans
525 2708 665 2777 militibus,
692 2729 776 2783 quum
800 2710 829 2768 in
848 2712 992 2770 adversum
1012 2710 1146 2769 collam³⁰

186 2784 285 2843 frustra
310 2784 390 2860 signa
414 2785 520 2860 erigere
545 2797 660 2844 conatus
685 2798 767 2860 esset,
786 2799 929 2864 postquam
947 2791 980 2848 ea
1000 2789 1112 2864 ragione

186 2862 324 2940 penetrari
350 2863 385 2918 ad
407 2863 511 2920 hostem
532 2883 586 2921 non
607 2855 717 2922 videbat
736 2885 834 2941 posse;
867 2869 992 2925 cohortes
1011 2867 1114 2938 aliquot

187 2942 337 2998 subductas
357 2959 372 2996 e
393 2941 488 2998 dextro
507 2959 603 3008 cornu,
630 2943 677 3000 ubi
706 2945 850 3004 stationem
877 2946 964 3020 magis
986 2961 1111 3016 segnem,

187 3017 269 3094 quam
283 3036 413 3094 pugnam,
427 3018 545 3076 suturam
559 3021 700 3094 cernebat,
719 3033 779 3095 post
798 3024 886 3080 aciem
906 3018 1110 3078 circumducit:

187 3106 224 3166 ct,
244 3115 300 3162 non
314 3096 436 3152 hostibus
449 3094 537 3163 modo,
552 3098 600 3153 sed
618 3098 700 3155 etiarn
721 3099 778 3156 suis
798 3098 1009 3174 inopinantibus,
1028 3097 1057 3155 iu
1078 3096 1147 3154 side

188 3172 305 3233 nistrum
319 3173 436 3230 hostium
450 3173 521 3230 latus
541 3173 674 3235 incurrit:
704 3185 832 3251 tantamne
855 3177 979 3233 celeritas
993 3176 1052 3246 fuit,
1073 3185 1112 3245 ut,

186 3268 273 3324 quum
286 3249 469 3308 ostendissent
481 3271 511 3308 se
524 3252 559 3308 ab
571 3252 665 3324 latere,
679 3273 742 3310 mox
755 3254 783 3320 in
796 3268 872 3330 terga
882 3254 938 3328 jam
949 3264 1112 3329 pugnarent.

190 3327 240 3384 lta
253 3346 288 3384 ex
301 3327 429 3384 omuibus
443 3329 572 3403 partibus,
587 3331 622 3386 ab
635 3330 732 3402 fronte,
742 3334 776 3388 ab
789 3333 880 3402 latare,
895 3333 930 3388 ab
943 3343 1018 3408 tergo
1031 3331 1114 3389 truci·

191 3406 289 3463 dantur
303 3403 420 3478 Hispani
434 3405 621 3481 Liguresque3
651 3420 679 3465 et
692 3409 726 3464 ad
739 3407 833 3467 Gallos
850 3410 907 3485 jam
920 3411 1010 3468 caedes
1023 3427 1114 3484 perve-

191 3494 278 3540 nerat.
317 3480 361 3538 Ibi
374 3481 519 3540 minimum
539 3485 697 3542 certaminis
710 3486 779 3544 luit:
807 3507 872 3544 nam
895 3499 923 3545 et
939 3508 1002 3563 pars
1015 3491 1147 3562 magnam

192 3558 227 3613 ab
241 3561 326 3636 siguis
340 3557 461 3629 aberant,
475 3572 555 3617 nocte
569 3562 674 3636 dilapsi,
698 3565 827 3638 stratique
845 3585 941 3624 somno
953 3567 1053 3641 passim
1066 3583 1114 3639 per

193 3652 291 3708 agros3
311 3647 348 3701 et,
362 3634 408 3708 qui
420 3636 540 3708 aderant,
555 3638 652 3696 itinere
666 3659 699 3696 ac
712 3641 811 3716 vigiliis
825 3643 898 3709 lessi,
909 3642 1115 3702 intolerantissi-

160 3775 167 3784 ,
192 3728 239 3778 ma
257 3711 357 3771 laboris
376 3730 497 3786 corpora,
520 3715 566 3772 vis
587 3734 663 3774 arma
675 3717 795 3776 humeris
814 3721 966 3796 gestabant.
1006 3722 1042 3778 Et
1057 3720 1114 3798 jam
