2622 4194
169 319 209 386 w
546 319 615 374 utut
630 323 715 374 Ltvtt
802 335 806 340 '

167 461 284 542 propere
298 460 436 534 consulet,
456 463 488 523 P.
502 465 635 524 Servilius
654 477 683 524 et
702 466 757 542 Ap.
777 462 923 538 Claudius,
936 465 972 525 ad
983 464 1109 544 compti-«-

167 543 298 602 mendam
311 543 475 608 seditionem
489 543 709 604 intervenissent.
742 543 777 602 ln
790 559 839 602 eoa
851 545 999 605 multitudo
1013 565 1108 616 aereus

165 630 304 680 ouantem
324 621 435 680 vinculo
463 627 523 690 sua,
550 623 806 698 deformitatemque
834 622 926 680 aliam.
980 624 1052 682 Hac
1070 641 1103 682 ae

165 697 278 756 meritos
291 698 395 773 dicere,
405 701 606 776 exprobrantes
619 719 697 758 auam
711 701 826 776 quiaque
845 700 916 758 aliua
929 701 1103 760 alibirniliti·

164 793 219 833 arn.
259 776 411 845 Postumia,
434 777 520 836 multd
544 779 689 837 minaciter
710 779 798 854 magis
817 777 901 852 quiin
929 779 1134 854 suppliciter,t

163 865 196 912 ut
208 864 334 912 senatum
349 867 495 914 uocarent:
515 857 675 931 curiamque
688 857 750 932 ipsi,
771 855 854 913 futuri
868 857 963 914 arbitri
976 857 1102 914 modera-

162 942 289 1007 toresque
308 933 413 1010 publici
436 935 554 1002 consilii,
575 935 795 992 circumsistunt.
843 934 929 992 Pauci
949 935 1101 994 admodum

162 1007 285 1078 Petrum,
297 1029 367 1086 quoa
379 1028 461 1069 casua
473 1012 619 1081 obtulerat,
641 1012 776 1070 contracti
790 1011 825 1068 ad
837 1010 985 1070 ‘consulent
1017 1025 1102 1070 cete·

161 1102 206 1146 ros
219 1099 308 1146 metus
322 1108 377 1146 oon
391 1091 471 1147 curii
484 1089 577 1164 modii,
590 1091 638 1149 aed
652 1092 737 1148 etiarn
751 1090 809 1148 foro
822 1091 951 1158 arcebat3
985 1109 1039 1148 nec
1053 1091 1099 1166 agi

160 1167 309 1242 quidquam
331 1186 380 1242 per
403 1169 614 1243 infrequentiam
641 1180 747 1244 potarat
769 1169 888 1225 uenatus.
935 1167 1012 1226 Tum
1033 1167 1132 1226 verdun

159 1243 235 1302 eludi
248 1257 330 1320 utque
343 1247 450 1304 extrahi
463 1259 494 1304 ue
513 1247 661 1306 multitudo
674 1258 791 1322 putaret
811 1256 848 1315 et,
862 1246 977 1304 Potrum
990 1245 1037 1321 qui
1051 1247 1100 1304 ab·
1195 1259 1202 1272 ·

157 1333 261 1390 esseut,
288 1342 344 1381 non
370 1343 445 1395 casu,
472 1343 528 1383 uon
555 1336 640 1392 metu,
666 1325 715 1382 aod
743 1323 927 1400 impediendae
952 1323 992 1381 rei
1012 1327 1098 1382 canai

158 1399 266 1473 abesae,
284 1413 314 1458 at
333 1402 463 1460 eonsules
482 1403 555 1478 ipaoa
575 1401 766 1480 tergiversari3
795 1421 850 1460 uec
870 1402 954 1460 dubie
976 1402 1097 1460 ludibrio

157 1495 218 1535 ease
231 1480 357 1537 miseriae
369 1499 441 1538 auae.
474 1479 538 1538 iam
551 1481 634 1558 prope
647 1491 716 1548 erat,
730 1492 761 1537 ut
774 1499 810 1538 na
823 1480 969 1538 consulum
981 1480 1095 1554 quidem

157 1557 288 1632 majestas
300 1565 442 1616 codrceret
461 1559 515 1616 iras
535 1559 700 1628 bominum3
729 1577 823 1632 quum,
837 1558 947 1630 incerti,
961 1559 1095 1616 morando
1104 1575 1128 1616 1⁵

155 1652 192 1690 an
207 1636 352 1703 veniendo,
366 1637 428 1712 plna
440 1638 556 1715 periculi
570 1637 775 1706 contraherent,
797 1636 910 1694 tandem
924 1636 951 1693 in
966 1647 1095 1694 senatum
1122 1694 1124 1700 ,

154 1711 286 1780 veniuut3
307 1713 498 1790 frequentique
511 1715 623 1793 taudem
637 1714 725 1781 curii,
740 1732 796 1770 non
810 1711 892 1771 modd
902 1713 974 1772 inter
987 1713 1094 1795 Patres,

153 1789 204 1846 aed
218 1809 254 1847 ne
268 1791 340 1848 inter
353 1793 482 1849 oonauloa
501 1792 613 1866 quidem
628 1793 710 1868 ipsos,
724 1791 790 1850 tatio
804 1791 996 1850 conveniebat.
1036 1793 1095 1867 Ap·

153 1868 224 1943 piue,
238 1870 409 1927 vehementia
423 1869 589 1946 ingenuan,
604 1870 720 1945 imperio
733 1869 940 1928 consularirena
953 1871 1092 1944 agendam

151 1947 301 2004 censebat:
323 1965 379 2006 uuo
391 1958 440 2006 aut
453 1949 538 2006 altero
548 1959 666 2024 arrepto,
679 1948 819 2022 quieturos
832 1947 908 2006 ulios.
927 1973 935 1991 ι
949 1947 1090 2018 Servilius,
1099 1965 1125 2006 to

151 2022 261 2081 lenibus
274 2021 405 2083 remediis
417 2023 515 2101 aptior,
524 2025 682 2093 ¹concitatos
701 2026 808 2084 animoa
821 2025 905 2099 fleoti,
918 2026 1005 2100 quim
1019 2025 1093 2086 fran-

149 2100 189 2177 gi,
202 2103 317 2178 putabat
329 2123 414 2179 quum
428 2104 524 2172 tutius,
538 2114 597 2162 turn
611 2103 730 2176 facilius,
743 2123 814 2161 esee.

140 2298 143 2303 -
188 2257 300 2318 XXIV.
334 2260 412 2318 Inter
437 2260 499 2320 haec
518 2261 606 2338 major
625 2261 696 2318 alius
720 2271 813 2320 terror.
861 2259 955 2318 Latini
982 2259 1091 2336 equitet

147 2356 214 2394 cum
227 2338 397 2397 tumultuoso
410 2339 539 2397 advolant
552 2340 660 2411 nuntio,
680 2343 699 2376 “
710 2339 827 2396 Volscos
850 2337 951 2396 infesto
963 2339 1090 2396 exercitu

145 2419 167 2451 ⁴‘
178 2417 212 2473 od
227 2417 323 2473 urbem
340 2418 557 2492 oppugnandam
577 2417 689 2475 venire:
700 2417 716 2445 ”
736 2434 797 2491 quaa
810 2417 906 2474 audita
920 2415 1005 2495 (aded
1019 2417 1123 2478 duasne

145 2511 184 2551 ex
198 2493 255 2550 uari
269 2493 380 2551 civitate
393 2495 533 2551 discordia
546 2494 663 2574 fecerat)
685 2493 769 2570 longe
783 2494 861 2552 aliter
875 2495 971 2554 Patres
984 2514 1018 2553 ac
1031 2494 1089 2570 ple·

147 2571 210 2627 bem
224 2571 352 2628 affecere.
392 2571 539 2630 Exsultare
552 2571 655 2649 gaudio
668 2574 781 2650 plebea:
802 2577 820 2610 “
833 2573 935 2632 ultorea
950 2573 1087 2648 superbie

146 2652 164 2686 ‘⁴
176 2649 288 2706 Patrum
302 2650 398 2708 adesse
407 2651 423 2678 '’
438 2651 532 2709 dicere
551 2655 569 2688 “
580 2651 672 2710 Deos:
683 2652 699 2679 ’'
729 2651 800 2708 alius
811 2650 895 2708 aliurn
910 2651 1086 2722 confirmare,

146 2747 183 2785 ne
196 2727 310 2786 nomina
322 2729 437 2788 darent:
460 2737 552 2788 “oum
566 2730 696 2788 omnibus
709 2727 808 2805 potitis,
821 2729 904 2803 quim
918 2728 1000 2796 aolus,
1013 2729 1086 2804 peri·

143 2813 256 2866 “turoa.
298 2807 393 2866 Patres
406 2807 565 2877 militarent,
580 2808 676 2866 Patres
696 2825 773 2864 arma
792 2818 934 2882 caperent,
954 2819 985 2866 ut
998 2825 1117 2882 peneaao

143 2887 283 2944 “eosdem
303 2887 428 2964 pericula
454 2886 528 2959 belli,
549 2905 636 2962 penes
655 2905 724 2961 quoe
743 2885 866 2961 praemia,
882 2887 1002 2943 essent.”
1043 2887 1084 2944 Aa

142 2963 308 3032 tendentia,
323 2976 421 3023 maesta
434 2982 468 3021 ac
481 2965 589 3040 trepida
602 2965 717 3040 ancipiti
732 2975 809 3020 metu
821 2975 850 3021 et
869 2964 904 3022 ab
924 2963 985 3020 oire
999 2973 1027 3020 et
1046 2964 1083 3020 ab

143 3043 231 3113 hoste,
253 3043 400 3100 Servilium
420 3043 574 3112 consulem,
601 3043 647 3100 oui
677 3041 822 3118 ingenium
841 3041 930 3116 magia
949 3039 1082 3115 populare

142 3129 211 3184 erat,
224 3137 311 3191 orere,
325 3132 355 3178 ut
368 3121 452 3180 tantia
462 3121 682 3178 circumuentam
691 3120 841 3178 terroribus
853 3118 997 3194 expediret
1008 3136 1082 3175 rem·

141 3197 292 3275 publicam.
332 3198 408 3256 Turn
422 3200 530 3267 consul,
551 3200 635 3257 misso
654 3209 763 3266 senatu,
784 3197 814 3255 in
833 3196 999 3254 concionem
1019 3214 1115 3271 proma

140 3277 198 3335 dit:
231 3275 269 3332 ibi
293 3293 367 3333 curre
387 3296 448 3335 ease
463 3277 590 3336 Patribus
609 3277 740 3342 ostendit,
760 3287 791 3333 ut
810 3276 969 3334 consulatur
989 3274 1080 3350 plebi:

140 3353 276 3414 craterum
295 3355 486 3416 deliberationi
508 3357 544 3414 de
564 3356 687 3414 maximia
706 3354 818 3430 quidem
839 3353 894 3422 illl,
915 3355 964 3412 aed
984 3365 1097 3426 tamen,

140 3446 218 3510 parte
231 3433 360 3502 civitatis,
374 3447 479 3494 metum
492 3455 541 3513 pro
559 3434 689 3492 universi
708 3433 853 3509 republica
872 3431 1076 3502 interveniase3

140 3529 298 3588 naupasia,
319 3531 405 3587 quum
426 3515 519 3572 bootes
533 3513 616 3590 prope
637 3514 672 3571 ad
685 3523 779 3589 portae
797 3521 900 3577 esseut,
921 3509 993 3568 bello
1012 3527 1080 3586 pre·
1115 3513 1120 3518 ”

140 3590 254 3648 vertisse
267 3591 435 3666 quidquam:
468 3611 531 3658 noc,
552 3592 575 3649 ei
589 3592 625 3650 ait
647 3589 798 3650 laxamenti
818 3589 931 3664 aliquid,
944 3599 993 3647 aut
1004 3586 1078 3665 plebi
1087 3604 1112 3646 tt

140 3668 289 3726 boneetum
301 3688 372 3737 ease,
386 3669 441 3728 nini
454 3670 584 3728 mercede
596 3668 675 3746 priris
694 3669 819 3743 accepti,
840 3687 917 3726 arura
929 3687 980 3744 pro
991 3666 1078 3744 pauit

138 3763 196 3806 uon
215 3747 340 3824 copinam
373 3766 464 3824 neque
483 3748 611 3834 Patribus
637 3748 705 3808 uatis
733 3747 876 3820 decorum,
901 3765 953 3824 per
972 3755 1077 3804 metum
