2622 4194
516 363 619 423 LIBER
635 365 655 420 I.
672 377 731 421 aaa.
743 377 834 422 xxxrtr.
1098 365 1137 436 39

209 511 266 572 tius
286 515 403 572 Romam
434 512 469 569 ad
499 512 699 570 consulendum
719 513 798 570 redit.
851 513 1005 570 Confestim
1024 534 1074 572 rex
1093 518 1137 574 his

211 592 296 650 ferme
308 592 397 649 verbis
410 590 505 648 Patres
525 590 703 648 consulebat:
741 593 760 624 “
772 591 900 651 Cauarum
920 610 1022 659 rerum,
1035 591 1135 662 litIum,

210 673 229 705 “
241 689 383 726 causarum
397 669 521 725 condixit
529 679 604 744 pater
615 679 737 742 patratus
748 669 840 743 populi
849 669 969 725 Romani
982 669 1138 729 Quiritium

212 749 307 822 “patri
330 758 437 822 patrato
457 747 609 820 priscorum
631 745 791 802 Latinorum
810 747 1019 820 hominibusque
1040 748 1138 822 priscis

191 828 230 887 5⁶⁴
239 826 355 892 Latinis,
370 843 438 899 quas
458 844 501 880 res
525 824 594 894 dari,
614 823 684 890 lieri,
708 823 773 880 solvi
796 825 924 898 oportuit,
947 843 1015 897 quas
1027 832 1070 882 r'es
1084 843 1138 886 nec

210 905 385 968 “dederunt
412 921 465 958 nec
489 902 623 971 lecerunt,
647 919 700 956 nec
722 901 869 968 solverunt,
890 903 966 967 dic,'’
993 903 1081 978 inquit
1100 905 1137 973 ei,

211 982 425 1056 quamprimum
440 981 603 1036 sententiam
619 979 741 1053 rogabat,
762 980 857 1052 “quid
875 993 972 1036 censes
984 983 995 1035 l
1005 981 1021 1008 ”
1062 983 1138 1040 Tum

208 1059 270 1115 ille:
312 1058 415 1115 “Puro
429 1059 526 1132 pioque
540 1057 631 1120 duello
654 1057 814 1129 quaerendas
837 1072 946 1124 censeo,
969 1057 1059 1133 itaque
1074 1079 1139 1117 con-

110 1165 114 1170 ·
209 1137 336 1208 “=sentio,
370 1134 596 1208 consciscoque.‘'
649 1134 719 1190 Inde
748 1134 844 1190 ordine
878 1135 924 1190 alii
951 1137 1137 1210 rogabantur:

179 1216 373 1288 loquendoque
387 1231 448 1288 pars
462 1212 547 1287 major
560 1225 664 1282 eorum,
678 1211 724 1284 qui
745 1213 866 1280 aderant,
891 1211 919 1268 itr
937 1216 1063 1280 eamdem
1077 1235 1138 1272 sen-

212 1293 326 1348 tentiam
345 1292 411 1362 ibat,
435 1291 537 1345 bellurn
561 1301 619 1345 erat
639 1301 783 1348 consensu.
825 1290 900 1346 Fieri
914 1291 1030 1362 solitum,
1052 1305 1082 1350 ut
1102 1295 1140 1350 se-·

212 1368 290 1425 cialis
313 1370 418 1425 hastam
432 1368 558 1423 ferratam
580 1377 626 1423 aut
649 1366 828 1442 sanguineam
851 1378 996 1442 praeustam
1017 1371 1051 1426 ad
1070 1373 1140 1429 fines

213 1465 308 1524 eorum
330 1446 420 1514 ferret,
444 1456 480 1514 et,
504 1465 560 1501 non
574 1445 668 1501 minus
687 1445 774 1501 tribus
786 1447 935 1519 puberibus
949 1450 1139 1522 praesentibus,

212 1525 334 1581 diceret:
374 1522 486 1582 “Qued
500 1523 592 1597 populi
612 1524 764 1598 priscorum
787 1523 947 1580 Latinorum
961 1526 1139 1601 hominesque

182 1605 231 1663 ts“
242 1603 324 1678 prisci
338 1601 429 1658 Latini
444 1602 574 1656 adversus
587 1601 717 1676 populum
731 1601 891 1658 Romanurn
901 1601 1055 1662 Quiritium
1070 1605 1141 1661 fece·

213 1683 232 1716 ·“
243 1691 316 1752 runt,
330 1680 521 1752 deliquerunt;
542 1677 616 1751 quod
630 1679 746 1753 populus
759 1679 904 1736 Romanus
917 1678 1071 1739 Quiritium
1087 1684 1141 1739 bel-

213 1757 383 1815 “lumbum
403 1757 500 1831 priscis
521 1756 628 1812 Latinis
655 1755 736 1831 jussit
754 1775 832 1826 esse3
865 1767 1029 1832 senatusque
1049 1761 1142 1836 populi

213 1839 231 1872 “
243 1836 365 1892 Romani
377 1835 530 1895 Quiritium
544 1835 661 1904 censuit,
676 1835 825 1900 consensit,
840 1836 982 1902 conscivit,
997 1849 1027 1894 ut
1040 1839 1141 1894 bellum

215 1917 233 1950 “
244 1933 307 1970 cum
321 1913 419 1988 priscis
432 1912 539 1968 Latinis
560 1911 652 1980 fieret3
685 1911 721 1967 ob
744 1930 806 1968 eam
826 1932 884 1969 rem
907 1932 959 1988 ego
972 1915 1141 1988 populusque

182 1996 234 2051 so“
245 1993 390 2048 Romanus
421 1990 528 2064 populis
556 1989 708 2062 priscorum
740 1989 900 2047 Latinorum
934 1991 1143 2066 hominibusque

217 2073 235 2107 t‘
249 2068 346 2142 priscis
359 2067 465 2122 Latinis
478 2067 581 2122 bellum
602 2067 696 2123 indico
720 2066 873 2141 facioque.'’
913 2067 945 2124 Id
961 2069 1007 2124 'ubi
1020 2070 1143 2137 dixisset,

194 2203 198 2210 ,
217 2149 324 2203 hastam
339 2144 367 2199 in
380 2143 449 2198 lines
463 2161 556 2198 eorum
576 2144 727 2200 emittebat.
766 2145 829 2201 Hoc
843 2156 900 2201 tum
922 2147 1003 2203 modo
1024 2147 1057 2202 ab
1071 2147 1145 2203 Lati·

217 2225 262 2281 nis
276 2221 397 2296 repetitae
411 2238 464 2285 res,
479 2237 512 2275 ac
526 2218 628 2274 bellum
649 2220 801 2279 indictum:
831 2241 988 2296 moremque
1009 2243 1071 2280 eum
1085 2245 1148 2299 pos·

216 2301 268 2358 teri
282 2307 456 2373 acceperunt.

184 2478 209 2517 aa
256 2455 401 2514 XXXIII.
433 2455 541 2523 Ancus,
562 2455 728 2512 demandata
748 2455 815 2512 curia
836 2473 975 2512 sacrorum
989 2456 1148 2516 flaminibus

218 2534 459 2607 sacerdotibusque
483 2534 552 2600 aliis,
579 2534 702 2608 enercitu
723 2551 793 2590 novo
813 2534 977 2608 conscripto,
998 2536 1149 2610 profectus,

171 2656 178 2676 ,
218 2613 387 2680 Politorium,
401 2613 497 2668 urbem
511 2611 683 2682 Latinorum,
708 2611 733 2668 vi
751 2611 840 2685 cepit;
862 2623 1026 2686 secutusque
1041 2633 1145 2672 morem

219 2709 315 2766 regum
341 2689 472 2764 priorum,
492 2691 538 2764 qui
560 2707 617 2745 rem
639 2689 795 2745 Romanam
823 2699 955 2746 auxerant
975 2692 1097 2748 hostibus
1118 2693 1148 2749 in

220 2769 358 2826 civitatem
384 2768 562 2842 accipiendis,
589 2765 790 2822 multitudinem
814 2787 924 2824 omnem
950 2768 1069 2824 Romam
1096 2780 1150 2826 tra·

188 2847 314 2904 seduxit:
335 2855 372 2915 et,
386 2863 469 2918 quum
483 2845 558 2900 circa
579 2842 722 2913 Palatium,
746 2846 840 2900 sedem
864 2858 986 2902 veterum
1007 2845 1149 2902 Romano-

222 2943 291 2990 rum,
307 2922 403 2978 Sabini
417 2921 581 2996 Capitolium
600 2931 680 2995 atque
702 2940 803 2989 arcem,
824 2924 944 2978 Coelium
964 2932 1085 2978 montem
1100 2924 1149 2980 Al·

222 3001 286 3057 bani
300 3001 477 3074 implessent;
506 2999 675 3055 Aventinum
689 3009 766 3055 novae
779 3000 948 3056 multitudini
963 2999 1073 3057 datum:
1102 3002 1150 3058 ad·

221 3079 271 3137 diti
285 3078 382 3136 ebdern
396 3077 469 3134 haud
484 3077 521 3132 ita
534 3077 619 3133 multb
633 3075 703 3150 post,
718 3077 843 3134 Tellenis
868 3077 1029 3152 Ficanaque
1052 3080 1149 3155 captis,

222 3157 285 3214 nori
299 3157 382 3212 cives.
430 3153 588 3211 Politorium
609 3153 674 3209 inde
695 3173 788 3212 rursus
809 3155 879 3211 bello
899 3157 1054 3230 repetitum,
1076 3159 1150 3234 quod

190 3253 339 3316 saracuum
353 3237 555 3306 occupaverant
568 3231 651 3306 prisci
682 3231 795 3288 Latini:
813 3251 901 3306 eaque
913 3252 997 3290 causa
1008 3237 1150 3293 diruendo

222 3313 297 3370 urbis
311 3311 371 3387 ejus
384 3311 436 3367 fuit
457 3310 602 3376 Romanis,
623 3327 659 3366 ne
682 3310 802 3367 hostium
819 3329 926 3386 semper
946 3313 1152 3389 receptaculum

226 3401 304 3448 esset.
345 3388 496 3458 Postremo,
510 3388 586 3445 omni
601 3387 673 3444 bello
693 3386 793 3445 Latiae
813 3388 978 3448 Medulliam
999 3391 1150 3466 compulso,

225 3467 392 3541 aliquamdiu
405 3466 443 3522 ibi
457 3466 547 3523 lllarte
560 3467 675 3533 incerto,
694 3466 770 3523 varia
787 3466 911 3535 victoria,
925 3479 1077 3544 pugnatum
1089 3478 1151 3526 est:

225 3556 330 3602 namet
348 3545 414 3603 urbs
436 3553 495 3601 tuta
515 3543 723 3614 munitionibus,
742 3544 921 3621 praesidioque
941 3547 1048 3604 firmata
1061 3546 1153 3606 valido

193 3641 217 3682 to
225 3632 301 3692 erat3
331 3632 368 3695 et,
380 3621 478 3680 castris
491 3623 520 3679 in
533 3633 626 3698 aperto
639 3622 743 3696 positis,
767 3622 910 3697 aliquoties
929 3621 1067 3680 exercitus
1078 3623 1154 3683 Lati·

225 3717 279 3759 nus
305 3701 431 3758 cominus
457 3719 521 3758 cunr
539 3700 677 3758 Romanis
696 3700 777 3776 signa
806 3701 966 3758 contulerat.
1019 3701 1065 3757 Ad
1091 3701 1154 3758 ulti·

225 3795 312 3850 mum,
325 3779 454 3838 omnibus
467 3778 553 3855 copiis
566 3777 708 3850 connisus,
733 3778 831 3836 Ancus
843 3779 904 3836 acie
918 3777 1039 3854 primurn
1052 3777 1152 3844 vincit3
