2620 4200
423 807 533 864 LIBRI
552 807 864 866 QUADRAGESIMI

467 995 535 1042 CAP.
552 993 685 1043 v—XVL
708 996 799 1044 XXIV.

539 1193 729 1204 ——n—-r

415 1336 534 1369 EPITOME
550 1336 627 1368 LIBRI
645 1335 859 1376 QUADRAGEEHH·

196 1453 265 1496 Quum
273 1453 374 1502 Philippus
384 1451 454 1491 liberos
462 1463 536 1500 eurum,
542 1462 589 1500 quos
597 1451 702 1500 occidemt,
709 1451 795 1502 conquiri
802 1451 878 1490 obsides
882 1449 1100 1500 jussisrerfftreoxeno,

172 1514 207 1552 pro
215 1501 281 1541 liberis
287 1503 328 1541 suis
337 1508 358 1539 et
366 1500 436 1538 sororis
446 1501 548 1538 admodum
557 1500 622 1547 pueris
631 1500 693 1538 verita
708 1501 759 1549 regis
773 1501 880 1548 libidinem,
895 1500 975 1548 prolatis
988 1499 1007 1537 in
1017 1501 1101 1539 medinm

173 1551 244 1600 gladiis
253 1558 274 1590 et
282 1550 360 1600 poculo,
369 1549 388 1586 in
399 1561 436 1597 quo
444 1554 487 1586 erut
496 1560 600 1597 venenum,
608 1548 671 1586 suasit
680 1548 713 1597 iis,
725 1557 749 1587 ut
757 1549 858 1587 imminens
867 1549 971 1586 ludibrium
983 1555 1043 1586 morte
1052 1549 1100 1587 edir-

173 1605 254 1648 guront:
268 1599 318 1649 quod
331 1610 389 1648 quum
402 1597 538 1645 persuasisset,
553 1597 595 1644 ipsa
612 1609 632 1635 se
644 1609 688 1634 cum
701 1597 744 1635 viro
762 1609 773 1635 s
792 1596 837 1634 navi
859 1596 878 1634 iu
898 1608 951 1634 maro
966 1597 1099 1644 precipitavit.

171 1662 198 1694 v.
215 1663 251 1704 vr,
263 1651 307 1696 isc.
325 1648 457 1694 Certerrrina
468 1648 527 1692 inter
543 1647 643 1706 Philippi
659 1647 803 1692 Macedoniae
816 1648 874 1705 regis
886 1647 968 1692 liberos
980 1647 1066 1692 Persen
1077 1655 1101 1693 ct

171 1709 316 1756 Demetrium
327 1709 467 1754 relcrrlntuv:
486 1722 544 1753 vrrs.
558 1709 620 1754 Etut
627 1707 704 1754 iraude
713 1707 784 1754 fratris
793 1709 836 1760 sui,
846 1708 986 1762 Demetrius,
993 1706 1100 1754 confictis

171 1771 303 1816 criminibus
316 1772 456 1827 (interque,
468 1771 618 1814 accusatione
630 1768 741 1827 parricidii
761 1776 784 1814 et
795 1769 894 1814 affectati
906 1770 984 1829 regni)
1002 1766 1100 1827 primum

168 1832 264 1892 petitus.
296 1845 364 1878 xxiv.
381 1831 416 1876 Ad
429 1830 545 1884 ultimum,
557 1831 664 1888 quoniam
676 1831 754 1889 populi
766 1830 865 1878 Romani
879 1831 969 1876 anricus
985 1838 1039 1888 erat,
1059 1846 1098 1876 ve·

168 1907 230 1940 neno
246 1901 341 1940 necatus
364 1899 412 1939 est:
441 1908 560 1946 regnumque
571 1895 689 1936 Macedonio
702 1906 779 1937 mortuo
792 1899 1099 1946 Philippoedl’ersenderenit·
1148 1932 1153 1946 ι

167 1953 220 1993 Item
235 1966 265 1993 res
282 1955 301 1993 in
314 1952 419 2002 Liguribus
440 1960 461 1994 et
479 1955 499 1994 in
519 1955 615 2003 Hispania
631 1961 699 1994 contra
719 1955 827 1994 Celtiberos
845 1956 1000 2003 quampluribus
1014 1957 1099 1995 feliciter
1149 1947 1154 1990 i

168 2008 235 2052 gestes
252 2003 346 2042 continet.
379 2001 434 2040 Libri
452 2004 521 2042 Nume
539 2004 585 2042 Pom
600 2003 629 2042 ilii
647 2004 668 2042 irr
687 2016 734 2054 egro
746 2004 771 2042 L.
785 2004 852 2042 Petilii
869 2005 935 2042 scribe
952 2005 987 2042 sub
1006 2004 1098 2043 Janiculu
1148 2025 1151 2044 r

167 2063 180 2090 u
193 2052 299 2090 cultoribus
308 2050 355 2100 agri,
364 2049 383 2087 in
393 2053 439 2089 aruit
448 2052 602 2102 inpidoaciausq
611 2057 631 2090 et
638 2053 700 2090 Greci
713 2058 733 2090 et
747 2052 823 2101 Latini,
836 2053 909 2090 inventi
919 2059 978 2100 sunt3
999 2053 1019 2090 in
1028 2053 1098 2102 qrribus
1148 2051 1150 2060 ¹

167 2111 227 2149 quum
236 2101 298 2148 pluro,
307 2099 523 2148 quedissulvendarurn
532 2101 647 2149 religionum
664 2107 740 2148 praetor,
756 2102 780 2138 ud
795 2113 852 2149 quem
866 2101 926 2139 delati
940 2107 1003 2150 erant,
1013 2102 1097 2150 legisset,

164 2148 240 2198 juravit
249 2147 334 2196 senatui,
343 2154 411 2184 contra
419 2148 555 2196 rempublicam
564 2161 605 2186 esse
622 2154 643 2187 ut
650 2128 927 2198 iegercnturservarenturque
936 2161 940 2185 :
949 2155 998 2188 etex
1008 2149 1099 2188 scnntds-

166 2196 256 2234 consulto
265 2196 284 2234 in
294 2195 378 2234 comitio
386 2197 450 2235 exusti
465 2204 517 2237 suut.
543 2198 627 2235 Golonrn
641 2197 734 2254 Aquileia
746 2197 829 2236 deductu
842 2203 878 2235 est.
905 2197 1013 2246 Philippus,
1021 2199 1098 2246 aegritu-

166 2243 210 2282 dine
219 2244 279 2283 nnimi
288 2243 395 2291 conlectus,
405 2247 453 2294 qudd
462 2245 583 2284 Demetrium
593 2245 662 2294 filium,
675 2245 730 2284 falsis
746 2245 811 2284 Persei
826 2246 906 2284 alterius
922 2246 956 2283 filii
965 2246 1097 2284 delationibus
1173 2249 1176 2256 ⁴

165 2291 268 2340 impulsus,
277 2303 351 2330 veneno
359 2294 478 2342 sustulisset,
486 2300 506 2332 et
516 2295 538 2331 de
545 2295 600 2342 penit
610 2293 673 2332 Persei
683 2294 784 2343 cogitavit,
791 2294 891 2343 voluitque
900 2293 1018 2342 Antigonum
1024 2294 1096 2342 potius,
1139 2317 1143 2324 ·

165 2340 250 2379 amicum
259 2353 324 2388 suum,
333 2352 465 2380 successorem
475 2343 529 2392 regni
537 2343 567 2381 sui
577 2342 691 2391 relinquere.
717 2344 755 2381 Sed
766 2343 786 2380 in
796 2343 833 2380 irae
839 2343 956 2390 cogitatione
961 2349 1023 2380 morte
1030 2348 1096 2388 raptus
1145 2373 1147 2379 ,

165 2390 482 2439 ωιιιῳηωΡοῐεοιιεοιοερίῑ,
509 2391 873 2441 [cm.1-arx.··rr.c.570-57a
899 2403 919 2428 s.
929 2390 1076 2442 c.lua-17e.]

535 2539 733 2551 -ιι-ι-

201 2672 237 2729 V.
271 2672 362 2746 Hujus
376 2673 505 2729 atrocitas
519 2675 648 2730 facinoris
671 2695 768 2732 novam
783 2666 860 2731 velut
871 2675 1008 2732 flammam
1021 2673 1129 2751 regis?

163 2750 274 2807 invidie
296 2751 406 2825 adjecit,
428 2761 458 2806 ut
478 2751 558 2825 vulgi>
579 2752 667 2826 ipsum
681 2753 833 2826 liberosque
848 2753 907 2827 ejus
920 2754 1123 2810 exsecraremi,

163 2838 224 2885 tur:
244 2849 304 2902 quae
325 2829 391 2884 dirae
412 2829 496 2894 brevi,
510 2829 545 2884 ab
558 2830 686 2886 omnibus
699 2830 760 2886 Diis
774 2832 919 2902 exaudite,
941 2842 971 2886 ut
989 2830 1094 2885 seviret
1108 2845 1128 2894 a}

163 2905 263 2980 ipsein
278 2926 358 2962 suum
379 2907 550 2980 sanguinem,
572 2907 734 2966 effecerunt.
761 2907 891 2964 'Perseus
905 2907 988 2973 enim,
1009 2925 1093 2980 quum
1108 2895 1128 2930 ‘⁰

162 2983 264 3039 indies
279 2984 366 3058 magis
379 2995 505 3040 cerneret
519 2985 636 3059 savorem
651 2986 866 3060 dignitatemque
887 2983 1019 3040 Demetrii
1041 2983 1121 3039 fra-t

161 3061 219 3116 tris¹
237 3062 307 3134 apud
329 3060 517 3118 Macedonum
531 3062 735 3118 multitudinem
764 3081 898 3130 crescere,
928 3071 956 3117 et
975 3045 1127 3134 gratiamfl

162 3139 234 3212 apud
249 3139 401 3206 Romanus,
423 3141 475 3196 sibi
489 3157 565 3213 spem
586 3141 688 3196 nullam
713 3140 796 3222 regni
815 3138 1040 3213 superessesnisi
1061 3137 1090 3193 in
1098 3130 1126 3212 Ξ

161 3215 274 3286 scelere,
304 3228 388 3284 ratus
409 3218 443 3272 ad
469 3218 497 3273 id
518 3237 602 3273 uuum
632 3237 728 3273 omncs
756 3216 935 3291 cogitationes
963 3214 1088 3271 intendit

161 3293 312 3364 Ceterum,
326 3312 409 3367 quam
423 3315 452 3350 se
466 3315 501 3350 ne
515 3295 548 3350 ad
563 3295 719 3369 idquidem,
728 3296 800 3369 quod
814 3293 939 3350 muliebri
951 3293 1090 3367 cogitabat

161 3373 262 3439 animo,
284 3371 351 3428 satis
374 3391 472 3446 perse
494 3372 612 3428 validum
632 3373 766 3439 crederet,
795 3371 918 3445 singulos
938 3371 1124 3438 arnieorum10

160 3451 244 3524 patris
265 3459 370 3506 tentare
390 3450 562 3506 sermonibus
582 3449 717 3524 perplexis
732 3449 837 3506 institit.
854 3507 855 3510 ,
879 3447 914 3504 Et
927 3445 1017 3522 primd
1030 3446 1090 3519 qui·

162 3527 225 3582 dam
246 3547 280 3584 ex
301 3527 343 3582 his
356 3527 580 3600 adspernantium
594 3521 648 3584 tale
661 3527 809 3601 quidquam
830 3526 949 3600 speciem
964 3523 1090 3598 praebue-

161 3605 312 3676 suntquis
331 3603 392 3678 plus
412 3605 439 3660 in
458 3605 599 3661 Demetrio
621 3605 678 3678 spei
698 3605 858 3679 ponebant:
886 3602 996 3667 deinde,
1016 3619 1090 3657 cres·
1117 3659 1122 3678 Ι

137 3704 141 3722 =
162 3689 243 3735 cente
257 3681 284 3734 irr
299 3681 359 3736 dies
373 3681 490 3756 Philippi
504 3683 567 3738 odio
581 3681 609 3738 in
632 3683 784 3753 Romanos,
808 3681 854 3737 cui
871 3679 988 3736 Perseus
1002 3676 1092 3734 indul-

161 3766 246 3826 geret,
273 3756 431 3817 Demetrius
456 3759 563 3814 summi
589 3777 641 3836 ope
669 3760 866 3826 adversaretur,
893 3757 1123 3832 prospicientes„
1198 3777 1201 3782 ¹
