2622 4194
417 821 460 894 T.
492 817 638 894 LIVII
670 813 955 890 PATAVINI

506 1062 654 1126 LIBER
681 1064 870 1125 PRIMUS·
926 1079 927 1082 ’
1015 1097 1020 1105 -

594 1289 777 1308 -n—dlnn-——h

278 1481 300 1540 Ι.
330 1479 389 1538 Jsu
407 1481 524 1556 primum
545 1479 665 1537 omnium
687 1477 751 1536 satis
770 1487 883 1546 constat,
900 1474 985 1553 Troje
1004 1479 1091 1555 eapti,
1111 1481 1140 1538 in

240 1568 351 1616 uaeteros
370 1559 491 1615 saevitum
515 1575 573 1614 esse
593 1555 743 1630 Troianum
772 1554 885 1621 duobus,
905 1553 995 1612 AEnei
1020 1557 1142 1616 Anteno-

240 1653 330 1708 reque‚
349 1645 377 1691 et
395 1634 491 1691 vetusti
507 1634 567 1708 jure
586 1631 703 1706 hospitii,
722 1642 749 1689 et
770 1632 833 1705 quia
850 1631 926 1705 paeis
944 1631 1141 1707 reddendaeque

243 1711 356 1768 Helene
375 1729 481 1786 semper
499 1721 621 1766 auctores
640 1709 754 1778 fuerant,
772 1726 852 1765 omne
875 1708 920 1782 jus
938 1707 1001 1764 belli
1020 1709 1141 1768 Achiuos

220 1787 410 1845 sabstinuisse.
449 1787 564 1844 Casibus
583 1785 681 1842 deinde
694 1785 774 1841 variis
787 1779 953 1841 Antenorem
973 1779 1036 1841 ium
1052 1786 1142 1844 multi·

238 1859 335 1920 'tudine
362 1863 508 1934 Henetirm,
527 1862 583 1936 qui,
602 1861 733 1918 seditione
752 1880 786 1917 ex
806 1861 988 1935 Paphlagonia
1016 1862 1094 1936 pulsi,
1113 1873 1142 1919 et

178 1950 192 2009 3
242 1941 319 1996 sedes
331 1949 359 1996 et
371 1940 477 2006 ducem,
491 1957 554 2013 rege
567 1937 720 2012 Pylaemene
733 1937 767 1993 ad
784 1937 896 2010 Trojam
915 1937 1020 2006 amisso,
1039 1956 1142 2011 quaere-

180 2007 196 2074 'fl
242 2015 316 2081 bant,
329 2015 434 2072 venisse
447 2017 475 2072 iu
488 2015 612 2072 intimum
625 2014 706 2070 maris
720 2013 853 2070 Adriatici
867 2014 972 2082 sinum;
992 2013 1142 2088 Euganeis·

242 2110 304 2162 que,
326 2090 373 2163 qui
392 2091 459 2146 inter
478 2109 551 2146 mare
570 2090 706 2164 Alpesque
725 2089 887 2156 incolebant,
906 2090 999 2164 pulsis,
1018 2090 1142 2149 Henetus

212 2173 235 2214 ¹⁰
244 2163 427 2240 Trojanosque
440 2183 487 2221 eas
498 2166 615 2221 tenuisse
628 2177 727 2221 terras:
740 2175 767 2220 et
780 2167 807 2221 in
820 2184 900 2238 quem
914 2165 1027 2240 primum
1039 2166 1142 2242 egressi

191 2309 195 2316 .
242 2253 305 2298 suut
323 2242 422 2314 looum,
443 2239 528 2315 Troja
546 2250 665 2309 vocatur,
680 2258 801 2314 pagoque
821 2241 883 2297 inde
903 2241 1023 2315 Trojano
1041 2259 1142 2300 nornen

180 2316 194 2394 ξ·
241 2330 298 2386 est;
324 2337 392 2394 gens
417 2317 542 2374 universa
563 2315 667 2374 ¹Veneti
694 2315 825 2388 appellati.
871 2317 988 2383 AEnean,
1007 2319 1042 2373 ab
1061 2305 1142 2373 iimill

182 2392 194 2456 l
241 2394 318 2452 clade
331 2395 411 2451 domo
422 2394 573 2468 profugum,
587 2392 634 2447 sed
648 2390 682 2446 ad
699 2391 799 2465 majora
818 2391 894 2449 initia
912 2411 1001 2448 rerum
1020 2393 1142 2450 ducenti·

241 2469 292 2526 bus
315 2471 384 2542 fatis,
397 2468 482 2545 primo
496 2471 524 2526 in
537 2467 728 2531 Macedoniam
748 2468 869 2537 venisse;
889 2469 952 2524 iude
971 2470 998 2526 in
1018 2467 1141 2528 Siciliam

211 2552 405 2620 isquaerentem
430 2548 508 2603 sedes
527 2545 660 2611 delatum3
691 2544 724 2599 ab
754 2545 848 2601 sicilia
873 2545 959 2602 classe
977 2543 1141 2604 Laurentem

242 2642 258 2678 a
277 2642 335 2679 rum
349 2623 475 2680 tenuisse.
513 2621 603 2696 Trojae
611 2631 639 2677 et
648 2619 712 2677 huie
722 2619 782 2677 loco
791 2640 889 2678 nomen
898 2632 945 2678 est.
984 2619 1026 2676 lbi
1038 2624 1141 2696 egressi

242 2642 365 2774 riojsni,
378 2709 407 2755 ut
426 2699 523 2772 quibus
542 2698 575 2754 ab
594 2697 725 2754 immenso
744 2701 826 2772 prope
846 2715 933 2754 errore
953 2693 1029 2764 nihil,
1044 2708 1141 2772 preter

243 2793 317 2830 arma
329 2786 356 2832 et
369 2791 459 2846 neves,
473 2783 631 2848 superesset,
644 2792 725 2846 quum
745 2775 862 2847 praedam
880 2793 914 2830 ex
932 2774 1002 2848 agris
1019 2785 1140 2848 agerent,

243 2849 356 2908 Latinus
374 2870 422 2907 rex
440 2851 662 2925 Aboriginesque,
680 2847 725 2923 qui
744 2861 801 2906 tum
820 2870 852 2908 ea
870 2851 997 2907 tenebant
1015 2849 1084 2918 looa,
1105 2853 1141 2910 ad

209 2927 387 2983 oswendam
405 2927 459 2983 vim
479 2928 640 2983 advenarum
659 2927 752 2982 armati
766 2946 799 2983 ex
812 2927 876 2983 urbe
896 2936 973 2996 atque
992 2927 1064 2998 agris
1076 2945 1141 2986 eon·

243 3014 364 3061 currunt.
401 3003 508 3077 Duplex
521 3003 584 3059 inde
597 3003 730 3058 fameest:
744 3003 788 3059 alii
801 3002 892 3076 proelio
901 3000 1001 3056 vietum
1013 3001 1141 3064 Latinum

242 3098 338 3153 pacem
351 3097 414 3136 eum
428 3080 526 3150 AEneiq
540 3079 637 3135 deinde
651 3077 804 3136 affinitatem
816 3077 936 3152 junxisse
946 3078 1069 3136 tradunt:
1083 3081 1139 3156 alii,

242 3153 1138 3233 quuminstructaeaeiesoonstitissent‚priusquamsignaoanerent‚

242 3233 403 3307 processisse
423 3233 550 3290 Latinum
569 3232 638 3288 inter
657 3231 792 3304 primores,
806 3232 955 3302 ducemque
975 3233 1140 3294 advenarum

208 3309 369 3366 ”evoolsse
382 3309 416 3366 ad
429 3309 604 3382 colloquium3
623 3317 807 3382 percontatum
829 3305 936 3374 deinde,
949 3308 994 3382 qui
1013 3312 1140 3370 mortales

242 3396 342 3453 essent,
356 3386 438 3453 unde,
451 3396 497 3442 aut
509 3403 561 3458 quo
574 3402 637 3440 casu
650 3383 761 3458 proleoti
774 3383 862 3450 domo,
875 3383 970 3458 quidve
989 3398 1139 3462 querentes

243 3459 271 3518 in
284 3481 378 3538 agrum
395 3462 557 3518 Laurentem
576 3461 716 3518 exissentl
735 3471 872 3534 postquam
885 3461 1008 3536 audierit,
1021 3465 1139 3526 multitu·

244 3535 333 3596 diuem
354 3539 488 3616 Troianos
507 3555 583 3606 esse;
604 3537 702 3593 ducem
721 3536 838 3609 AEnean,
860 3537 943 3594 lilium
963 3539 1092 3600 Anohire
1109 3559 1139 3604 st

201 3673 205 3678 ,
225 3611 373 3685 quneris3
392 3615 512 3673 cremata
523 3613 609 3689 patrii
621 3623 649 3670 et
668 3614 747 3671 domo
765 3614 891 3689 profugos
909 3613 1000 3670 sedem
1020 3617 1138 3676 eunden·

199 3681 236 3740 Ἢ
243 3689 337 3767 deque
349 3693 409 3752 urbi
421 3693 510 3752 loeutn
522 3709 649 3825 querppe
661 3701 690 3748 et
702 3689 867 3748 nobilitatem
879 3688 1037 3747 admiratum
1049 3691 1139 3767 gentis
