2620 4200
165 318 225 380 262
567 319 633 370 TITI
648 322 731 372 LIVII

167 461 186 495 “
197 461 370 533 reducerent,
389 463 423 520 ad
442 477 508 520 enm
527 462 661 539 privatum
681 481 717 522 er
736 463 798 520 rillri
818 465 867 521 sus
886 465 1096 538 extrahendum,

167 540 232 595 “ad
253 559 365 598 causam
385 542 542 614 dicendam,
556 543 663 599 mittere
680 561 736 598 non
757 543 935 600 audeamus.''
975 543 1095 601 Tribuni

167 615 265 691 plebis,
280 620 406 693 appellati
420 620 455 676 ab
468 619 500 676 L.
516 620 656 694 Scipione,
672 621 711 680 ita
723 621 913 687 decreverunt,
933 621 994 677 “Si
1008 623 1096 678 nmrbi

168 699 187 728 “
199 697 282 752 causi
295 709 481 766 excusaretur,
496 698 547 754 sibi
561 698 679 772 placere,
693 697 782 772 accipi
796 717 857 754 cani
871 717 992 768 cansam,
1012 700 1098 755 diem·

168 774 186 806 “
196 790 249 846 que
263 791 279 828 a
292 775 405 850 collegis
418 776 551 850 prodici.’'
591 775 735 832 Tribunus
752 776 839 850 plebis
861 771 901 832 eo*
914 786 1036 850 tempore
1050 778 1096 834 Ti.
1118 791 1132 829 5

169 849 348 926 Sempronius
360 855 505 910 Gracchus
518 865 585 924 erat,
599 854 645 910 cui
666 853 816 910 inimicitie
835 872 900 910 cnm
920 854 951 910 P.
967 855 1097 928 Scipione

69 935 74 938 '
168 925 395 988 intercedebant:
425 932 458 1003 is,
471 951 555 1005 quum
569 933 699 988 vetuisset
712 950 813 988 nomen
827 951 906 988 suum
920 929 1031 990 decreto
1043 934 1098 989 col·

168 1003 292 1079 legeram
310 1010 439 1076 adscribi,
461 1010 660 1082 tristioremque
677 1028 774 1066 omnes
797 1009 962 1066 sententiam
985 1027 1099 1084 exspec-

168 1091 267 1156 tarem,
289 1086 327 1142 ita
346 1087 486 1144 decrevit:
526 1086 653 1147 “Quum
676 1087 709 1144 L.
724 1086 820 1161 Scipio
838 1099 953 1144 excuset
974 1089 1096 1145 morbum

169 1159 186 1194 ‘⁴
198 1181 259 1220 esse
273 1182 362 1220 canere
384 1165 468 1236 fratri,
487 1166 553 1226 satis
573 1164 600 1222 id
624 1165 676 1220 sibi
697 1165 791 1222 videri.
832 1166 869 1220 Se
884 1165 914 1221 P.
929 1165 1097 1239 Scipionem,
1110 1179 1134 1218 re

169 1238 187 1272 “
199 1241 355 1315 priusquam
369 1243 489 1300 Romam
502 1243 627 1314 redisset,
641 1243 766 1300 accusari
779 1262 835 1300 non
849 1261 1010 1316 passurum:
1040 1255 1103 1312 tum=

169 1317 315 1393 '‘quoque,
336 1321 365 1381 si¹
380 1339 409 1377 se
430 1322 556 1395 appellet,
577 1320 678 1378 auxilio
707 1319 733 1376 ei
761 1320 892 1388 futurum,
922 1339 958 1377 ue
985 1340 1100 1378 causam

180 1397 282 1454 ‘dicat
322 1399 368 1456 Ad
381 1399 410 1455 id
424 1399 562 1473 fastigium
576 1398 659 1456 rebus
671 1399 764 1474 gestis,
778 1399 927 1455 honoribus
937 1399 1028 1472 populi
1042 1399 1101 1456 nc

171 1474 189 1510 “
201 1476 284 1546 mani,
308 1475 339 1533 P.
355 1476 513 1551 Scipionem
527 1477 649 1536 Deorum
672 1477 869 1549 hominumque
883 1495 1020 1534 consensu
1040 1461 1115 1550 per·x

169 1555 189 1587 “
200 1554 316 1620 venisse,
337 1565 368 1612 ut
380 1555 432 1612 sub
445 1555 554 1612 Rostris
568 1573 644 1611 reum
659 1564 739 1625 stare,
753 1564 781 1610 et
801 1554 923 1628 praebere
937 1549 1016 1610 aures
1036 1555 1098 1612 udo-
1110 1567 1134 1618 rs

170 1631 363 1689 “lescentium
389 1633 532 1704 conviciis,
559 1632 660 1708 populo
687 1633 817 1690 Romano
849 1631 937 1707 magis
967 1631 1099 1704 deforme,

170 1712 188 1743 “
198 1708 282 1782 qnam
296 1710 356 1784 ipsi,
370 1710 433 1767 rit.”

208 1865 289 1924 LIII.
310 1865 424 1944 Adjecit
435 1868 547 1925 decreto
560 1866 795 1942 indignationem:
816 1867 834 1900 “
847 1865 906 1922 Sub
918 1865 1035 1940 pedibus
1044 1885 1103 1922 ves·
1188 1853 1191 1862 .

169 1947 250 2004 “tris
271 1946 362 2018 stabit,
387 1946 500 2012 tribuni,
525 1944 642 2002 domitor
662 1945 707 2001 ille
731 1944 844 2011 Africae,
866 1943 985 2017 Scipiol
1034 1943 1102 2000 Ideo

170 2029 188 2060 ‘⁴
200 2034 315 2098 quatuor
339 2023 523 2092 nobilissimos
543 2024 629 2080 dnces
648 2022 796 2079 Poenorum
823 2023 852 2078 in
873 2020 1018 2094 Hispaniis,
1038 2033 1137 2093 qua-ao

170 2106 188 2139 “
201 2113 261 2158 tuor
287 2101 424 2158 exercitus
450 2101 521 2157 fudit
548 2101 723 2175 fugavitque,
757 2099 820 2156 ideo
843 2099 999 2173 Syphacem
1019 2098 1103 2171 cepit,

170 2183 189 2217 “
202 2179 388 2235 Hannibalern
403 2177 514 2248 devicit,
528 2177 726 2254 Carthaginem
746 2176 909 2251 vectigalem
930 2174 1009 2230 nobis
1028 2175 1102 2241 lecit,

171 2256 372 2314 “Antiochum
388 2255 506 2330 (recepit
518 2255 593 2310 enim
610 2255 721 2312 fratrem
738 2265 893 2311 consortem
915 2253 997 2326 hujus
1009 2252 1104 2326 glorie

172 2333 233 2390 “L.
256 2334 364 2410 Scipio)
388 2334 458 2389 ultra
480 2333 568 2390 Tauri
589 2332 656 2407 juga
679 2333 788 2403 emovit,
813 2342 843 2388 ut
862 2331 969 2386 duobus
984 2329 1105 2406 ¹Petilliis

172 2418 191 2454 ‘⁶
202 2411 404 2478 succumberet,
419 2431 467 2468 vos
479 2412 514 2467 de
529 2411 559 2466 Ρ.
572 2411 705 2466 Africano
719 2410 836 2485 palmam
847 2407 994 2483 peteretis?
1034 2407 1139 2462 Nol-ee

170 2499 190 2530 “
201 2489 271 2546 liene
286 2490 389 2548 meritis
401 2489 467 2559 suis,
481 2488 564 2545 nullis
579 2489 676 2544 vestris
698 2488 857 2554 bonoribus,
880 2504 999 2559 unquam
1014 2485 1041 2540 in
1062 2503 1105 2540 ar-

171 2575 190 2608 t‘
203 2585 265 2623 cern
279 2576 407 2622 tutemet
421 2567 494 2623 velut
507 2577 631 2622 sanctam
652 2567 718 2623 olari
739 2565 789 2622 viri
803 2564 982 2639 pervenient;
1010 2562 1066 2635 uhi,
1079 2561 1103 2618 si

172 2653 257 2700 “non
281 2643 452 2713 venerabilis,
480 2643 608 2699 inviolate
630 2643 736 2709 saltem,
760 2651 888 2698 senectus
905 2659 1000 2698 eorum
1013 2639 1104 2696 consi-

172 2729 190 2766 ί(
201 2723 249 2778 dat
261 2723 271 2776 l
281 2721 298 2747 ’'
340 2719 424 2776 Movit
436 2731 464 2776 et
478 2723 628 2790 decretum,
643 2731 670 2776 et
684 2719 900 2794 adjecteoratio,
922 2739 976 2776 non
991 2715 1104 2774 caeteros

172 2800 263 2867 modd,
278 2799 325 2855 sed
340 2797 412 2872 ipsos
425 2798 509 2854 etiam
523 2808 712 2854 accusatores:
727 2809 764 2868 et,
775 2797 973 2854 deliberaturos
987 2815 1025 2866 se,
1039 2795 1104 2868 quid
1114 2807 1139 2848 eo

174 2880 219 2936 sui
231 2879 300 2954 juris
313 2889 341 2933 ct
358 2876 441 2932 officii
455 2887 537 2942 esset,
551 2876 687 2934 dixerunt.
728 2877 848 2932 Senatus
861 2875 971 2942 deinde,
986 2873 1105 2930 concilio

171 2959 261 3032 piebis
283 2955 406 3025 dimisso,
429 2949 587 3011 haheri'est
608 2966 724 3028 coeptus.
763 2953 806 3010 Ibi
821 2953 915 3028 gratie
930 2952 1056 3024 ingentes
1070 2951 1105 3006 uh

172 3035 300 3094 universo
327 3033 434 3099 ordine,
458 3031 596 3107 praecipue
624 3051 641 3086 a
668 3031 857 3088 consularibus
886 3027 1105 3099 senioribusque,
1171 3033 1176 3046 '

170 3113 220 3170 Ti,
233 3112 364 3169 Graccho
375 3123 443 3169 ecte
457 3120 529 3180 sunt,
543 3110 615 3182 quod
639 3109 837 3184 rempublicam
860 3105 971 3182 privatis
982 3105 1106 3161 simulta-

172 3191 246 3246 tibus
272 3189 404 3262 potiorem
426 3188 584 3245 habuisset:
618 3198 646 3244 ct
669 3187 769 3246 Petillii
790 3185 878 3244 vexati
902 3193 967 3256 sunt
988 3181 1140 3257 probrisque

173 3265 245 3342 qndd
259 3265 404 3340 splendere
417 3267 507 3324 aliena
527 3265 629 3322 invidit
650 3265 807 3336 voluissent,
829 3273 858 3320 et
880 3261 965 3336 spolia
978 3279 1014 3318 err
1031 3259 1106 3316 Asri·

174 3345 239 3404 cani
253 3344 391 3416 triumpho
405 3355 540 3420 peterent.
575 3343 722 3401 Silentium
736 3343 837 3400 deinde
850 3341 886 3396 de
900 3339 1034 3396 Africano
1045 3337 1104 3394 suit.

175 3425 269 3481 Vitam
284 3421 390 3480 Literni
403 3422 460 3496 egit
473 3423 533 3478 sine
547 3421 684 3479 desiderio
697 3420 797 3478 Urbis:
819 3418 981 3486 morientem
994 3434 1058 3472 rure
1071 3434 1105 3472 ec

175 3501 235 3575 ipso
259 3501 322 3562 loco
341 3499 450 3573 sepeliri
471 3518 500 3556 se
528 3500 641 3574 jussisse
662 3499 762 3565 lerunt,
783 3507 1046 3568 monumentumque
1066 3493 1104 3553 ibi

176 3579 317 3650 rediticari,
337 3595 373 3634 ne
393 3577 476 3634 sunus
496 3577 548 3634 sihi
568 3578 597 3634 in
618 3578 726 3651 ingratia
745 3576 832 3650 patrib
853 3574 938 3632 lieret.
978 3572 1030 3630 Vir
1049 3583 1140 3628 mero

176 3656 334 3716 morabilis:
355 3654 461 3710 bellicis
474 3667 577 3722 tamen,
591 3653 673 3731 qudnr
687 3655 774 3728 pacis,
788 3653 891 3710 artibus
904 3649 1106 3708 memorabilior

176 3732 340 3809 prImapars
354 3733 517 3804 ritoe,qnam
530 3743 675 3808 postrema,
690 3733 757 3801 luit,
786 3731 850 3808 quia
863 3730 892 3788 in
903 3729 1018 3805 juventi
1035 3727 1107 3786 bella
1144 3801 1146 3808 γ
