2620 4200
484 353 589 404 LIBER
603 351 724 406 xxxiv:
746 369 806 407 css.
817 371 855 404 vr.
1076 353 1135 416 255

200 491 293 570 “quid
312 495 424 552 tandem
443 495 507 552 nori
527 507 659 555 matrona
679 499 814 569 fecerunt,
833 494 907 572 quiid
928 496 1086 571 frequentes
1105 497 1147 555 iu·

201 572 314 630 “causti
327 575 361 630 ad
375 592 404 630 se
417 575 573 647 pertinente
596 576 626 632 in
647 578 788 652 publicum
802 577 1014 652 processerunt?
1054 576 1137 633 Nun·

202 651 309 725 “quam
336 662 400 708 ante
427 652 480 708 hoc
501 663 609 728 tempus
629 653 656 710 in
677 655 789 730 publico
809 654 1017 730 apparueruntl
1057 652 1137 711 Tuas

202 728 359 788 “adversus
383 741 410 786 te
441 731 621 804 ‘Origines'
645 734 790 790 revolvam.
844 732 962 806 Accipe,
982 730 1089 804 quotics
1108 731 1137 787 id

181 807 354 880 5“feoerint,
375 819 403 866 et
421 809 533 882 quidem
547 829 655 884 semper
675 812 748 868 bono
769 811 889 886 publico.
930 810 994 866 Jam
1008 827 1024 864 a
1037 809 1139 883 princi-

200 885 281 960 “pio,
295 898 431 962 regnante
444 887 574 957 Romulo,
588 907 684 960 quum,
702 890 840 964 Capitolio
860 889 895 944 ab
916 887 1027 944 Sabinis
1047 897 1138 962 capto,

199 963 218 997 ‘⁴
227 965 320 1022 medio
333 966 362 1021 in
376 965 435 1022 foro
447 965 534 1039 signis
546 965 653 1022 collatis
666 967 853 1036 dimicaretur,
868 983 961 1022 nonne
982 966 1140 1022 intercursu

200 1041 413 1100 “matronarum
429 1043 499 1098 lotar
512 1044 588 1101 acies
601 1045 671 1100 duas
681 1046 806 1118 proelinm
818 1046 945 1102 sedatum
955 1046 1020 1100 estl
1040 1041 1140 1103 Quidt

200 1121 340 1196 “regibus
360 1121 475 1187 exactis,
495 1139 590 1194 quum,
613 1122 762 1180 Coriolano
783 1123 891 1180 Marcio
911 1123 993 1187 duce,
1015 1121 1141 1196 legiones

170 1199 393 1255 ro“Vclscorum
407 1211 497 1256 castra
515 1201 548 1254 ad
571 1200 698 1273 quintum
717 1202 839 1276 lapidem
860 1201 1025 1275 posuissent,
1046 1215 1141 1256 nonna

201 1276 257 1333 “id
278 1295 387 1352 agmen,
408 1295 462 1350 quo
481 1277 580 1333 obruta
606 1279 665 1334 haec
689 1281 755 1335 urbs
774 1289 856 1345 esset,
884 1289 1016 1334 matronae
1037 1287 1143 1333 averte-

202 1357 315 1412 “runtl
344 1355 372 1436 ¹J
375 1373 428 1421 am,
442 1355 511 1410 urbe
524 1367 605 1430 capta
618 1375 635 1412 a
648 1356 746 1424 Gallis,
767 1377 822 1432 quo
842 1358 985 1430 redempta
998 1355 1064 1411 urbs
1076 1357 1141 1412 esti

202 1437 329 1508 “nempe
350 1452 446 1490 aurum
476 1441 606 1490 matrona
634 1453 772 1492 consensu
802 1435 977 1504 omniumin
998 1433 1143 1508 publicum

202 1511 414 1570 “contulerunt
456 1511 584 1567 Proximo
598 1512 670 1568 ballo
685 1513 734 1584 (ue
753 1514 866 1592 antiqua
888 1513 1025 1590 repetam)
1047 1528 1143 1568 nonne

171 1593 221 1642 ra“
230 1600 267 1655 et,
282 1609 366 1664 quum
381 1589 505 1664 pecunia
516 1609 586 1664 opus
600 1591 660 1656 suit,
675 1591 820 1648 viduarum
836 1591 962 1665 pecunie
977 1591 1154 1664 adjuverunt*

202 1669 375 1735 “erarium;
405 1679 443 1740 et,
466 1685 550 1741 quum
571 1668 619 1723 Dii
641 1687 750 1744 quoque
774 1671 838 1726 novi
856 1671 890 1727 ad
904 1687 985 1743 opem
999 1668 1154 1724 ferendam'

201 1746 320 1802 “dubiis
346 1746 429 1801 rebus
451 1757 667 1812 arcesserentur,
695 1758 827 1804 matronae
855 1748 989 1803 universe
1010 1747 1045 1802 ad
1066 1763 1144 1802 mare

202 1824 358 1896 “prolecta
373 1823 484 1879 suntad
500 1822 619 1879 Matrem
644 1823 748 1880 Idaeam
773 1825 990 1899 accipiendam?
1031 1823 1145 1880 ‘Dissi-

203 1902 345 1970 “‘miles,’
371 1901 470 1973 inquis,
497 1905 608 1956 ‘causas
632 1905 714 1957 sunt!
756 1903 820 1959 Nec
838 1904 905 1959 mihi
921 1920 1020 1958 causas
1034 1918 1144 1974 aquare

166 1986 221 2034 at‘t
229 1979 397 2054 propositum
411 1988 469 2034 est:
491 1978 559 2033 nihil
574 1979 765 2045 novisanam,
779 1999 897 2054 purgare
912 1980 978 2035 satis
990 1989 1041 2035 est.
1082 1977 1145 2034 Cae·

203 2058 327 2126 “terdm,
349 2056 421 2129 quod
445 2056 474 2112 ia
496 2055 625 2111 rebusad
640 2057 852 2131 omnespariter
867 2058 937 2113 viros
961 2053 1144 2130 feminasque

203 2135 432 2208 “pertinentibus
446 2133 545 2190 secisse
559 2151 606 2190 eas
619 2153 702 2196 namo
725 2136 840 2192 miratus
860 2146 912 2205 est,
932 2136 961 2190 in
984 2137 1073 2211 qaurd
1084 2151 1157 2208 pro-¹

204 2212 290 2285 “prid
305 2213 338 2268 ad
361 2213 434 2286 ipsas
453 2211 609 2286 pertinente
631 2212 763 2269 miramur
787 2213 908 2270 lecisset
947 2212 1027 2273 Quid
1052 2224 1157 2270 autam⁴

203 2289 377 2346 “secaruntl
398 2292 530 2364 superbas
552 2289 610 2364 (me
637 2291 707 2347 Dius
729 2292 825 2368 lidius)
850 2309 932 2347 aures
952 2292 1096 2360 habemus,
1111 2289 1144 2357 si,

171 2379 195 2418 aa
204 2378 315 2452 “quum
330 2369 435 2424 domini
450 2387 590 2425 servornm
604 2387 660 2425 nou
670 2370 811 2426 fastidiant
824 2389 932 2444 preces,
944 2387 994 2426 nos
1008 2369 1099 2444 rogari
1110 2367 1145 2429 ab

203 2446 353 2503 “honestis
368 2447 488 2503 foeminis
502 2447 688 2522 indignamur.

242 2602 293 2658 VI.
315 2607 332 2638 “
346 2603 437 2660 Venio
450 2623 528 2660 nnnc
542 2604 577 2674 ad
593 2603 630 2673 id,
652 2605 687 2660 de
705 2623 760 2680 quo
784 2606 890 2679 agitur:
922 2605 950 2660 in
974 2623 1029 2678 quo
1043 2604 1147 2680 duplex

204 2681 221 2714 ‘²
232 2682 354 2737 consulis
366 2683 453 2738 oratio
468 2682 537 2739 luit:
559 2701 624 2737 nam
638 2694 667 2738 et
680 2683 772 2758 legem
787 2684 870 2739 ullam
889 2683 1004 2740 omnino
1018 2682 1147 2757 abrogari

204 2759 274 2812 “est
287 2758 466 2832 indignatus3
485 2771 522 2816 et
535 2779 596 2816 eam
612 2760 749 2834 praecipue
764 2762 863 2837 legem,
878 2781 939 2834 quae
953 2761 1071 2816 luxurie
1086 2777 1146 2816 mu·

172 2849 196 2888 aa
205 2837 223 2868 “
232 2833 325 2892 liebris
339 2839 502 2892 coercendas
516 2840 606 2894 causa
619 2839 673 2893 lata
686 2851 766 2896 esset.
808 2839 845 2895 m
859 2839 904 2894 illa
925 2838 1082 2893 communis
1096 2855 1146 2910 pro

205 2916 224 2948 “
232 2911 339 2988 legibus
355 2915 411 2969 risa
423 2915 576 2972 consularis
589 2916 675 2971 oratio
689 2928 748 2985 est;
780 2929 808 2973 et
821 2918 882 2972 hae
896 2916 1027 2972 adversus
1040 2914 1146 2971 luxuri-

204 2995 275 3046 “am
291 2992 470 3048 severissimis
493 2993 615 3049 moribus
637 2996 828 3052 conveniebat.
870 2994 966 3067 Itaque
990 2993 1146 3067 periculum
1185 3036 1189 3046 r

204 3074 222 3105 “
230 3079 280 3139 est,
295 3071 358 3136 nisi,
373 3071 437 3144 qnid
453 3072 480 3127 in
500 3073 619 3145 utrllque
643 3090 671 3127 re
685 3073 748 3128 vani
763 3074 807 3144 sit,
821 3073 1007 3137 docuerimus,
1028 3089 1064 3127 ne
1085 3071 1146 3145 quis

204 3151 306 3204 “error
320 3149 573 3205 vobisoliundatnr.
614 3149 676 3223 Ego
689 3151 774 3222 enirn,
796 3151 1029 3224 quemadmodum
1053 3169 1088 3205 ex
1102 3149 1146 3206 his

172 3232 223 3276 asr‘
231 3223 349 3300 legibus,
364 3245 425 3300 qnae
446 3245 501 3284 non
516 3228 543 3283 in
560 3239 669 3301 tempus
683 3228 803 3300 aliquod,
818 3229 867 3283 sed
888 3239 1028 3302 perpetue
1043 3227 1145 3284 utilita-

204 3303 266 3358 “tis
280 3307 370 3362 eausa
393 3305 421 3360 in
446 3307 578 3361 aeternum
593 3306 655 3361 latas
669 3317 743 3376 sunt,
764 3306 868 3361 nnllam
893 3306 1019 3381 abrogari
1042 3306 1145 3362 debere
1205 3305 1207 3314 ¹

205 3387 223 3420 “
233 3379 329 3454 fateor,
341 3383 394 3438 nisi
408 3403 490 3456 quam
505 3394 552 3439 aut
565 3401 630 3440 usus
654 3384 787 3457 coarguit,
810 3398 857 3439 aut
880 3393 967 3440 status
981 3383 1080 3457 aliquis
1093 3381 1146 3438 rei·

205 3460 349 3532 “publicae
364 3461 489 3516 inutilem
503 3461 590 3530 leoit3
621 3461 670 3527 sio,
690 3479 757 3534 quas
780 3471 903 3536 tempora
926 3462 1017 3536 aliqua
1037 3458 1145 3516 deside-

206 3536 332 3594 “rdrunt
345 3539 430 3613 leges,
456 3541 584 3596 mortales
605 3539 649 3614 (ut
663 3539 701 3595 ita
714 3539 820 3616 dicam)
843 3551 871 3595 et
893 3538 1063 3614 temporibus
1077 3537 1145 3612 ipsis

173 3625 198 3666 to
207 3615 380 3672 “mutabiles
393 3635 454 3674 esse
468 3617 556 3673 video.
595 3617 670 3678 Quae
685 3618 713 3674 in
727 3635 796 3692 pace
809 3616 880 3673 'late
894 3629 967 3688 suot,
982 3613 1144 3689 plerumque

206 3693 336 3749 “bellum
351 3695 481 3770 abrogat3
501 3713 563 3769 que
578 3694 606 3751 in
621 3695 701 3764 bello,
715 3714 787 3770 pax:
817 3705 848 3752 ut
869 3696 898 3752 in
923 3693 1000 3751 navis
1013 3693 1146 3748 adminis-

205 3771 351 3828 “tratione
371 3772 425 3828 alia
443 3773 473 3830 in
493 3773 656 3844 secundam,
678 3773 732 3830 alia
746 3774 773 3830 iu
788 3774 931 3830 adversam
951 3779 1145 3847 tempestatem
