2638 4206
520 356 621 413 LIBER
636 362 666 410 v.
687 369 747 410 css.
760 367 821 410 sar.
1094 359 1149 422 125

214 493 307 560 “belli
331 518 365 560 ex
378 501 455 560 hoste
475 483 616 561 communi
639 501 774 577 pariendi.
823 499 898 561 Qun
923 473 1011 558 eiilrsb
1035 499 1147 576 agmins

214 587 234 615 ‘⁶
242 579 377 649 adventat,
400 599 471 656 gens
490 591 541 651 est,
564 581 610 637 cui
625 591 723 637 natura
742 597 858 654 corpora
870 578 1031 652 animosque
1045 595 1148 654 meges

214 657 329 732 “magis
353 656 435 733 quim
457 658 535 714 firma
555 658 680 714 dederit:
713 657 748 713 ed
771 657 800 713 in
821 667 963 714 certamen
982 673 1066 713 omne
1085 655 1148 730 plus

214 735 360 808 “terroris,
382 737 465 810 quim
479 735 587 808 uirium,
601 735 703 792 ferunt.
746 735 921 810 Argumento
933 734 969 790 sit
981 733 1076 790 clades
1090 732 1149 790 Rc·

191 819 341 869 t“mnna:
371 823 511 888 patentem
535 812 636 888 cepdre
663 813 780 881 urbem;
812 829 849 870 ex
871 829 936 869 erce
956 810 1147 886 Capitolioque

212 889 282 945 “bis
295 890 398 966 exigui
420 890 553 947 resistitur
576 909 670 948 manu.
723 890 787 947 lam
809 889 962 948 obsidionis
979 887 1061 945 taedio
1081 887 1146 946 victi

211 974 230 1003 ⁴⁴
239 966 401 1038 abscedunt,
417 969 532 1044 vagique
544 987 593 1044 per
613 987 694 1044 agros
712 967 848 1043 peluntur,
869 968 933 1024 cibo
954 966 1073 1040 vinoque
1086 983 1147 1040 rap-

210 1044 287 1101 “tim
310 1045 408 1103 hausto
430 1046 535 1120 repleti.
581 1046 636 1103 Ubi
657 1065 713 1103 non
733 1045 846 1121 appetit,
869 1063 953 1120 prope
973 1044 1046 1101 rivos
1066 1061 1148 1118 aqua·

211 1130 309 1195 “rum,
322 1123 382 1180 sine
395 1123 577 1191 munimento,
601 1124 662 1180 sine
682 1123 846 1182 stationibus
868 1141 902 1180 ac
922 1121 1065 1187 ennodiis,
1085 1139 1148 1196 pes·

178 1209 202 1249 1⁰
212 1208 230 1236 ‘⁴
239 1199 290 1256 sim
305 1200 423 1260 ferarum
437 1202 490 1258 ritu
511 1211 680 1268 sternuntur,
702 1219 778 1258 nunc
795 1201 830 1257 ab
842 1200 974 1257 secundis
986 1199 1070 1256 rebus
1089 1217 1146 1256 ms·

211 1275 282 1352 “gis
295 1279 377 1335 etiam
391 1279 470 1336 solito
483 1279 598 1336 incauti.
638 1279 669 1336 Si
683 1279 760 1336 vobis
773 1279 801 1336 in
816 1279 909 1336 animo
930 1288 973 1334 est
992 1276 1064 1334 tueri
1078 1295 1146 1333 mra-

211 1363 229 1390 “
238 1354 286 1411 nia
298 1365 396 1423 vestra,
410 1374 464 1412 nec
477 1356 533 1431 pati
547 1357 608 1412 haec
620 1356 714 1413 omnin
734 1357 853 1432 (inillam
865 1355 936 1424 lieri,
949 1354 1038 1430 prims
1050 1353 1146 1430 vigilis

210 1439 229 1468 ‘⁴
238 1433 329 1507 capite
341 1451 419 1490 arms
431 1433 604 1508 frequentes:
632 1453 676 1491 me
689 1433 838 1509 sequimini
851 1434 887 1490 nd
908 1433 1025 1498 cedem,
1038 1451 1095 1489 non
1109 1431 1145 1488 ad
1176 1433 1180 1475 '-

209 1518 377 1586 “pugnam:
398 1511 451 1568 nisi
465 1511 571 1568 vinctos
589 1530 695 1579 somno,
717 1512 791 1569 velut
811 1511 942 1586 pecudes,
964 1509 1145 1567 trucidandos

175 1595 200 1636 ¹⁵
209 1595 227 1622 ‘⁴
236 1587 384 1661 tradidero,
397 1607 453 1645 non
467 1607 566 1646 recuso
576 1591 706 1646 eumdem
720 1590 822 1646 Ardem
835 1607 927 1646 rorum
940 1605 1065 1646 mearum
1086 1586 1145 1644 exi·

208 1668 303 1735 “tum,
314 1683 396 1742 quem
410 1665 510 1724 Rome
524 1667 637 1724 babui.”
1170 1644 1179 1766 :i

1171 1765 1180 1794 'l

245 1819 335 1878 XLV.
369 1821 468 1897 AEquis
491 1821 647 1897 iniquisque
666 1841 827 1898 persuasum
848 1833 917 1890 erat,
943 1832 1051 1880 tanturn
1072 1821 1145 1878 bello

206 1897 295 1955 rimm
308 1899 450 1956 neminem
463 1919 579 1974 usquam
601 1901 636 1957 eit
648 1911 812 1975 tempestate
834 1920 904 1958 esse.
945 1901 1090 1958 concione
1103 1899 1144 1955 di·

207 1975 301 2041 missi,
315 1989 546 2052 corporucurant,
569 1979 680 2050 intenti,
700 1979 782 2052 quim
803 1997 868 2036 mox
888 1979 999 2054 signum
1012 1978 1142 2034 daretur:

172 2063 261 2126 atquo
282 2053 354 2122 dato,
381 2053 476 2128 primae
500 2054 609 2112 silentio
629 2056 718 2112 noctis
738 2057 774 2114 ed
793 2067 885 2131 portas
903 2055 1025 2113 ‘Camillo
1043 2064 1142 2129 presto

207 2131 295 2188 fuere.
348 2127 469 2206 Egressi,
493 2131 567 2196 haud
586 2134 681 2207 procul
700 2135 778 2206 urbe,
799 2134 871 2191 sicut
891 2133 1054 2209 predictum
1073 2142 1141 2202 erat,

206 2219 297 2265 castra
319 2209 472 2281 Gallorum,
492 2209 582 2266 intuta
601 2210 782 2285 neglectaque
807 2213 843 2267 ab
862 2211 938 2268 omni
959 2221 1036 2285 parte
1055 2209 1141 2276 nacti,

204 2286 325 2344 clamore
338 2287 481 2344 invadunt
521 2287 667 2360 Nusquam
680 2287 816 2362 proelium,
827 2288 956 2345 omnibus
969 2287 1038 2344 locis
1050 2287 1143 2342 cedes

203 2376 265 2433 est3
295 2365 371 2421 nuda
390 2383 504 2439 corpora
523 2375 552 2421 et
571 2365 661 2422 soluta
679 2381 775 2421 somno
788 2366 977 2422 trucidantur:
1005 2375 1143 2420 extremos

170 2449 296 2498 &tamen
310 2461 393 2518 pavor
406 2442 545 2500 cubilibus
564 2442 621 2499 suis
634 2443 749 2515 excitos,
762 2461 823 2517 qnae
843 2454 890 2499 aut
910 2442 984 2499 unda
1004 2441 1046 2498 vis
1058 2452 1141 2510 esset,

203 2519 324 2594 ignaros,
338 2519 367 2576 in
381 2519 483 2598 fugam,
498 2530 527 2577 et
538 2521 672 2595 quosdam
691 2520 722 2576 in
743 2521 849 2577 bostem
863 2521 953 2594 ipsum
974 2519 1142 2595 improvidos

204 2596 273 2653 tulit
326 2595 432 2674 Magna
452 2615 524 2671 pars,
546 2599 575 2654 in
596 2615 694 2672 agrum
709 2597 851 2655 Antiatem
864 2598 957 2669 delati,
979 2597 1140 2654 incursione

203 2674 238 2730 ab
250 2674 394 2749 oppidanis
407 2674 437 2730 in
456 2675 561 2750 palatos
585 2675 666 2744 lacti,
681 2675 944 2734 circumveniuntur.
985 2675 1091 2734 Similis
1111 2676 1140 2732 in

203 2770 269 2826 agro
290 2751 401 2826 Vejenti
421 2751 579 2809 Tuscorum
599 2753 673 2810 facta
692 2763 798 2828 strages
817 2765 877 2823 est3
910 2753 957 2828 qui
978 2753 1063 2824 urbis,
1081 2752 1138 2827 jam

168 2837 287 2904 suprope
304 2827 606 2902 quadringentesimum
619 2833 725 2887 annum
740 2831 847 2901 vicinae,
860 2849 997 2907 oppresse
1011 2831 1047 2886 ab
1061 2829 1140 2886 hoste

202 2905 342 2963 invisitato
355 2904 542 2980 inauditoque,
556 2907 627 2963 adeb
650 2907 719 2963 nibil
734 2908 847 2966 miseriti
866 2918 939 2974 sunt,
954 2917 985 2964 ut
998 2907 1027 2963 in
1041 2924 1139 2981 agrum
1167 2909 1169 2914 “

201 2983 363 3042 Romanum
376 3001 410 3040 eo
424 2993 546 3058 tempore
560 2984 732 3042 incursiones
746 2986 878 3056 fecerent,
894 2985 1024 3060 plenique
1037 2983 1139 3059 praedae
1164 3053 1167 3062 Ι

204 3061 287 3140 Vejos
299 3061 394 3129 etiam,
407 3062 620 3138 praesidiumque
633 3073 662 3118 et
674 3081 750 3138 spem
766 3063 889 3120 nltimam
911 3062 1035 3126 Minuci
1050 3062 1139 3120 nomi·

200 3139 254 3207 nis,
268 3139 297 3198 in
318 3139 412 3198 animo
433 3139 580 3196 habuerint
599 3157 766 3218 oppugnare.
808 3141 944 3200 Viderunt
964 3157 1012 3198 eos
1036 3140 1137 3198 milites

167 3215 332 3290 &Romani
345 3227 477 3293 ragentes
489 3235 538 3294 per
551 3235 631 3293 agros
643 3229 672 3274 et
685 3229 867 3293 congregatos
881 3218 1000 3293 agmine,
1014 3219 1137 3294 prredam

199 3312 255 3369 prae
268 3315 299 3353 se
313 3306 443 3372 egentem
470 3305 498 3352 et
509 3305 599 3352 castra
611 3295 763 3352 cernebant
777 3295 851 3352 haud
864 3296 959 3370 procul
973 3296 1052 3372 Vejis
1064 3295 1137 3371 posi·

199 3383 238 3430 ta.
283 3372 354 3430 Inde
374 3371 492 3450 primdm
519 3373 658 3431 miseratio
677 3373 729 3442 sui,
750 3372 852 3430 deinde
871 3373 1031 3451 indignitas,
1054 3385 1135 3446 atque

199 3465 236 3506 ex
254 3453 287 3506 ei
300 3451 341 3508 ira
353 3451 460 3510 animos
473 3451 555 3526 cepit.
595 3451 789 3509 “Etruscisne
810 3451 904 3519 otiam,
927 3470 945 3509 a
964 3451 1065 3527 quibus
1079 3449 1135 3506 bel-

200 3525 287 3584 “lum
299 3527 438 3588 Gallicum
452 3527 520 3587 inse
533 3529 703 3596 avertissent,
717 3528 836 3586 ludibrio
848 3547 909 3587 esse
919 3529 1014 3588 clades
1023 3528 1133 3586 sussl''

166 3601 258 3662 rtVix
271 3608 459 3681 temperavere
472 3605 581 3679 annuis,
594 3607 661 3681 quin
675 3603 814 3682 extemplo
837 3607 970 3683 impetum
990 3607 1132 3666 facerent:

198 3684 403 3760 compressique
416 3703 433 3742 a
445 3683 570 3741 Cedicio
582 3685 755 3757 centurione,
777 3703 859 3760 quern
873 3686 983 3744 sibimet
997 3683 1049 3759 ipsi
1061 3703 1133 3761 prae·

198 3759 332 3834 fecerant,
345 3762 446 3822 rerniu
469 3769 580 3898 ”ffbem
600 3763 763 3821 sustinuere.
803 3761 929 3823 'sentium
951 3779 1000 3840 par
1013 3761 1133 3822 (lamillo
