2638 4206
452 298 454 306 γ
525 335 628 399 arnan
643 335 688 396 rx.
718 357 844 396 omre..
1086 337 1144 406 ret

211 487 448 566 “permissere
499 487 556 556 An,
575 487 600 546 si
618 487 718 546 eidem
731 473 870 563 superbil‚
888 485 945 560 qut
962 483 1142 560 sponsionem

211 567 319 626 “istam
332 575 526 642 expresserunt
538 565 618 624 nobis
638 565 787 637 Samnites,
805 563 965 639 coegissent
984 579 1036 621 nes
1058 564 1143 624 verba

212 645 363 722 “legitima
382 644 544 702 dedentium
568 644 651 702 urbes
671 658 843 717 nuncupare,
864 641 988 698 deditum
1010 641 1142 718 populum

211 722 399 780 “Romanum
413 739 461 780 vos
473 720 577 780 tribuni
597 721 738 791 diseretis,
761 730 789 777 et
802 721 877 776 lrane
900 719 1006 791 urbem,
1030 719 1143 796 templa,

188 799 362 872 wdehorn,
381 799 461 872 dues,
477 814 576 875 aquus,
596 799 762 856 Samnitium
776 799 860 854 esset
901 796 1008 854 Omitto
1027 796 1144 856 deditio-

211 883 231 915 ‘⁸
240 895 314 946 nem,
327 878 458 951 quoniam
471 877 666 953 desponsione
678 876 788 952 agitur:
818 875 884 949 quid
906 876 1029 947 tandem,
1047 875 1070 932 si
1083 893 1144 950 spo·

210 955 440 1030 “pondissemun
467 955 562 1014 arbem
596 955 669 1012 lrane
696 955 857 1012 relicturum
885 952 1017 1028 populum
1038 953 1143 1011 Rome·

210 1035 328 1091 “numi
349 1033 373 1090 si
387 1034 588 1091 incensuruml
607 1033 826 1108 emigraturus,
837 1032 862 1088 si
875 1042 1011 1098 senatum,
1025 1030 1048 1087 si
1066 1032 1143 1107 leges

210 1115 230 1149 “
239 1131 295 1169 non
309 1112 487 1170 habiturum!
508 1112 531 1168 si
545 1111 597 1168 sub
609 1111 722 1186 regibus
735 1111 857 1167 futurum
869 1111 880 1166 l
914 1109 978 1166 ‘Dii
992 1108 1106 1168 meliora
1118 1109 1141 1166 l’

178 1198 203 1244 1⁰
211 1193 230 1227 ‘³
239 1189 347 1264 inquis:
380 1190 454 1264 atqui
475 1209 531 1248 non
552 1189 702 1265 indignitas
714 1207 804 1245 reram
826 1187 981 1263 sponsionis
1000 1187 1142 1245 vinculum
1162 1238 1165 1243 .

211 1267 317 1325 “leret
357 1268 389 1326 Si
402 1267 468 1343 quid
481 1281 533 1335 est,
547 1267 575 1324 in
588 1285 643 1341 quo
655 1267 770 1341 obligari
788 1265 904 1342 populus
927 1265 1020 1340 possit,
1044 1265 1072 1322 in
1085 1285 1144 1324 om·

211 1345 287 1402 “nia
305 1357 414 1422 potest:
446 1355 475 1402 et
496 1363 532 1403 ne
553 1344 621 1402 illud
644 1345 765 1418 quidem,
785 1345 857 1419 quod
877 1343 1008 1417 quosdam
1029 1343 1143 1402 forsitan

211 1428 356 1491 “moreau
369 1423 462 1490 roien,
472 1423 580 1495 oonsul,
594 1441 630 1480 an
643 1423 769 1495 dictator,
790 1441 825 1478 arr
839 1433 937 1498 pretor
957 1422 1142 1496 spoponderit.

211 1505 230 1538 ‘⁶
239 1500 276 1558 Et
290 1501 344 1558 hoe
357 1501 408 1576 ipsi
421 1501 505 1558 etiem
517 1501 659 1559 Samnites
676 1501 879 1576 judicaverunt,
902 1500 1002 1574 quibus
1022 1519 1078 1556 non
1092 1500 1144 1560 suit

177 1584 229 1627 ¹⁶“
238 1579 304 1636 satis
317 1579 447 1636 consules
458 1579 594 1654 spondere
605 1597 612 1649 ;
640 1579 689 1635 sed
712 1578 826 1654 legatos,
847 1589 1004 1652 quaestores,
1017 1578 1144 1638 tribunos

210 1657 362 1727 “militum,
377 1657 512 1732 spondere
525 1662 685 1731 coegerunt.
726 1656 818 1714 Neon
835 1675 879 1712 me
902 1673 978 1713 nuno
999 1656 1142 1732 quisquam

209 1735 400 1809 “quaesiverit,
413 1735 478 1809 quid
494 1735 532 1790 ito
544 1734 737 1809 spoponderim
750 1737 761 1790 l
794 1751 879 1808 quum
902 1734 930 1790 id
952 1753 1005 1790 neo
1019 1734 1142 1792 consulis

209 1814 280 1888 “jus
293 1823 382 1882 esset3
417 1831 470 1870 neo
490 1812 545 1870 illis
565 1813 700 1888 spondere
722 1831 830 1887 paoem,
850 1831 912 1886 que
932 1812 988 1868 mei
1008 1823 1144 1872 uenerat

209 1895 229 1928 ‘⁴
237 1891 351 1963 arbitrii,
371 1909 425 1948 neo
443 1909 492 1966 pro
511 1890 599 1962 vobis,
628 1890 675 1965 qui
704 1890 773 1948 nihil
794 1890 1003 1960 mandaveratis,
1023 1909 1142 1966 possem.

176 1971 229 2026 eo“
238 1967 316 2024 Nihil
333 1969 371 2024 ad
391 1969 539 2038 Caudium,
564 1968 659 2026 Patres
686 1968 844 2043 conscripti,
872 1969 1000 2024 humanis
1020 1968 1143 2026 consiliis

210 2050 345 2121 “gestum
358 2055 410 2102 est.
449 2045 497 2102 Dii
511 2045 679 2103 immortales
692 2058 720 2112 et
733 2047 829 2103 vestris
851 2055 879 2102 et
892 2046 1012 2103 hostium
1026 2046 1143 2120 impera-

209 2127 231 2162 ‘⁶
240 2124 344 2181 toribus
364 2133 486 2182 mentem
502 2124 682 2181 ademerunt:
710 2143 764 2182 neo
786 2143 837 2181 nos
856 2123 885 2180 in
906 2124 978 2181 bello
991 2124 1057 2182 satis
1070 2125 1143 2182 oavi·

210 2206 321 2270 “mns3
342 2213 371 2258 et
381 2201 420 2258 illi
434 2201 506 2258 ruald
519 2211 625 2276 pertaru
637 2201 779 2259 victoriam
788 2200 861 2258 male
874 2202 1062 2275 perdiderunt,
1075 2201 1142 2259 dum

209 2279 281 2336 “vix
294 2280 372 2350 loeis,
385 2279 486 2354 quibus
499 2279 630 2348 sinerent,
654 2280 781 2347 eredunt,
805 2280 871 2334 dum
887 2279 1063 2353 quicumque
1077 2296 1143 2338 oon·

175 2362 228 2416 ῆι*
236 2357 341 2415 ditione
355 2369 432 2414 arm'n
449 2357 514 2414 siris
534 2357 563 2414 in
584 2367 661 2413 arina
684 2357 755 2413 natis
776 2355 884 2414 auferre
904 2356 1043 2414 festinant.
1083 2357 1142 2430 An,

208 2435 339 2493 “sisana
351 2435 550 2500 meminisset,
564 2434 676 2492 diffioile
690 2434 743 2491 illis
763 2434 823 2506 luit,
837 2435 903 2490 dum
918 2453 998 2491 senes
1012 2435 1047 2491 ab
1060 2435 1143 2494 domo

204 2513 228 2553 “‘
237 2514 271 2572 ad
286 2513 498 2571 oonsultandunr
512 2523 665 2584 arcessunt,
678 2513 786 2569 mittere
800 2512 919 2569 Romam
933 2512 1056 2588 legatosl
1075 2531 1141 2570 eum

210 2595 425 2663 “senatuum
440 2591 550 2667 populo,
570 2591 606 2647 de
624 2609 693 2665 peoe
716 2609 750 2647 ae
770 2591 872 2647 soedere
893 2592 1000 2666 ageret
1040 2591 1142 2650 Tridui

209 2670 289 2726 “iter
302 2669 439 2745 expeditis
452 2679 526 2726 erat:
547 2669 653 2725 interea
672 2669 700 2725 in
722 2668 842 2726 induniis
857 2687 901 2725 res
922 2668 1026 2737 luisset,
1051 2670 1142 2728 donee

175 2747 273 2804 m“ab
285 2747 377 2804 Romi
392 2747 474 2822 iegati
494 2757 543 2804 aut
561 2745 770 2804 vintoniam'illis
787 2757 903 2814 eertum,
924 2757 972 2804 aut
984 2764 1082 2822 paoem
1100 2748 1142 2804 af·

208 2824 347 2881 “ferrent
386 2823 430 2882 Ba
442 2825 554 2880 demum
566 2825 677 2899 sponsio
691 2835 772 2896 esset,
789 2842 872 2899 quarn
884 2824 977 2899 populi
988 2825 1066 2899 jussu
1080 2843 1141 2898 spo·

209 2901 437 2978 “pondissemus.
477 2902 532 2960 Sed
546 2919 636 2975 neque
661 2919 707 2959 vos
726 2902 866 2969 tulissetis,
885 2919 939 2958 nee
962 2918 1012 2957 nos
1026 2919 1140 2976 spopon-

207 2980 372 3037 “disemus
384 2999 390 3036 ε
411 2997 465 3036 nee
478 2980 519 3036 llas
532 2979 584 3036 suit
596 2979 679 3037 alium
693 2987 784 3036 rerum
805 2981 908 3037 exitum
929 2997 1000 3046 esse,
1013 2977 1096 3053 quim
1110 2989 1146 3038 nt

208 3058 284 3125 “illi
298 3058 373 3116 velut
395 3058 502 3119 somnio
524 3057 634 3127 laetiore,
656 3060 737 3132 quim
757 3059 828 3133 quod
849 3068 957 3114 mentes
980 3075 1075 3114 eorum
1095 3076 1141 3114 en·

172 3142 300 3211 {o“pere
320 3148 440 3212 possent,
454 3135 639 3211 nequidquam
659 3136 854 3194 eluderentur:
884 3145 912 3192 et
925 3145 1048 3194 nostrum
1062 3149 1141 3194 erer-

207 3215 320 3272 “oltum
331 3215 441 3282 eedem,
454 3233 516 3288 que
527 3213 698 3289 impedierat,
719 3215 828 3272 fortuna
847 3212 990 3288 expediret
999 3233 1006 3283 ;
1035 3227 1139 3272 'venam

208 3293 376 3350 “vietoriam
396 3293 490 3350 senior
503 3292 606 3350 irritam
621 3291 724 3349 iaceret
737 3309 808 3368 perr:
829 3291 940 3367 sponsio
954 3291 1140 3368 interponere·

208 3373 288 3437 “tun
310 3389 371 3446 quse
384 3370 534 3438 nominem,
558 3380 656 3446 preter
676 3388 844 3446 sponsorem,
863 3369 1006 3446 obligaret.
1058 3368 1138 3442 Quid

207 3447 472 3518 “euimrobisoum,
494 3443 589 3507 Patres
610 3447 770 3524 conscripti,
786 3447 852 3522 quid
872 3465 938 3505 oum
957 3448 1057 3523 populo
1076 3446 1139 3504 *Ro-

172 3529 317 3584 rr“mano
337 3539 430 3586 aetum
453 3528 515 3584 esti
543 3525 605 3602 quis
624 3545 672 3584 vos
687 3525 830 3601 ‘appellare
843 3525 958 3601 ¹potestl
990 3525 1050 3600 quis
1070 3533 1139 3582 sea

207 3603 416 3662 “nobedieere
436 3605 605 3681 deeeptuml
631 3605 745 3662 'hostisl
779 3623 814 3661 an
834 3603 924 3661 nisisi
964 3603 1046 3660 Hosti
1066 3601 1137 3660 nillil

197 3683 436 3756 respopmdinis:
454 3683 545 3741 eivem
559 3683 698 3742 nemiuem
712 3683 848 3758 spondere
861 3682 996 3758 prorobis
1006 3680 1136 3756 jussistis.
1249 3688 1254 3698 ’

203 3757 311 3822 “Nina
325 3775 391 3846 ψ
401 3761 476 3820 vebis
488 3777 544 3822 nen
554 3760 700 3826 nobiseum
709 3772 760 3830 est,
771 3761 870 3837 quibus
880 3759 949 3819 nilril
962 3758 1135 3827 munerun:
