2638 4206
520 350 620 408 LIBER
636 348 681 406 IX.
700 367 759 404 cte·
770 369 847 406 xviri.
1102 356 1157 426 ιω

233 497 268 562 (ι.
283 501 418 562 Marcium
429 496 571 568 Rutilum,
594 499 627 554 C.
642 496 803 571 Sulpicium,
824 496 861 554 Τ.
875 495 1010 554 Manlium
1034 496 1158 573 Torqus-

234 591 301 650 tum,
315 579 354 642 Q
368 579 515 635 Publilium
524 575 677 641 Philonem,
692 576 723 631 L.
738 574 877 648 Papirium
888 575 1044 641 Cursorem,
1054 575 1093 636 Q.
1105 577 1159 640 Fa·

233 624 310 716 bium
323 657 484 722 Maximum,
497 655 567 711 duos
580 653 690 721 Decios,
704 653 736 710 L.
752 653 939 717 Volumnium,
961 652 1088 713 Minium
1101 653 1159 710 Cir·

233 736 311 794 rium
352 734 493 822 Deinceps
513 733 639 806 ingentes
659 741 826 818 sequuntur
824 730 892 794 viri,
914 730 936 786 si
951 729 1086 792 Punicum
1100 730 1159 790 Res

199 828 315 870 emano
327 811 509 886 presedisset
527 809 637 877 bellum,
657 808 804 881 seniorque
825 807 855 864 in
878 807 985 864 ltulism
998 807 1159 882 trajecisset.

233 889 368 950 Horum
361 909 389 947 m
393 887 531 977 quolibet
542 897 601 942 tum
615 852 722 942 indoles
740 886 846 955 eadem,
870 903 931 959 que
954 885 984 942 in
998 885 1161 946 Alexandro

232 977 300 1033 erat,
315 967 399 1024 enimi
414 964 590 1040 ingeniique·
622 975 682 1018 tum
702 963 849 1036 disciplina
871 962 1034 1028 militar-in'
1025 978 1080 1037 pam
1094 965 1161 1026 inde

233 1045 288 1101 ab
282 1045 367 1101 mitiis
380 1044 461 1100 Urbis
475 1042 572 1100 tradita
586 1059 634 1114 per
647 1059 754 1106 monus,
768 1041 797 1098 ιιι
813 1040 892 1096 ultis
889 1041 1029 1114 perpetuis
1042 1060 1161 1131 precep·

233 1123 412 1180 tiscrdinatae
425 1122 538 1178 mudum
554 1129 671 1175 venerer.
712 1117 847 1192 ltareges
860 1128 1001 1206 gesserent
1014 1118 1102 1187 ιιιιιι
1113 1120 1162 1180 ιιι

203 1218 227 1256 ιι
235 1199 335 1256 derude
353 1210 499 1256 exactores
512 1215 607 1270 regum
620 1195 637 1250 J
640 1215 698 1252 nnn
691 1195 887 1268 Valeriique3
915 1196 953 1251 ita
965 1195 1098 1270 deinceps
1110 1198 1163 1258 Fa·

236 1276 284 1344 bii,
296 1277 417 1348 Quintii,
439 1274 578 1340 Cornelii;
612 1273 650 1328 ita
670 1273 770 1330 Furius
783 1273 924 1342 Camillus,
948 1291 1028 1346 quern
1046 1274 1163 1348 juvenes

235 1353 265 1423 ii,
278 1354 442 1427 quibuscum
456 1351 615 1410 Alexandro
627 1350 815 1408 dimicandum
836 1361 903 1416 erati
922 1369 1018 1409 senem
1030 1352 1163 1412 viderint.

235 1430 368 1490 Militaria
379 1449 462 1504 opere
475 1429 623 1504 pugnaudo
644 1428 757 1485 obeunti
778 1429 937 1487 Alexandro
960 1427 1037 1504 (nam
1051 1448 1084 1486 ea
1097 1449 1164 1504 quos

234 1527 288 1582 que
302 1510 375 1570 bend
389 1508 484 1564 mimis
503 1508 608 1564 clerum
628 1524 692 1565 eum
706 1505 823 1582 faciunt)
837 1507 965 1563 cessisset
986 1506 1114 1566 uidelicet
1133 1509 1164 1568 ἰιι

204 1586 295 1646 necle
308 1587 415 1644 oblatus
435 1605 482 1660 per
503 1584 626 1643 Manlius
646 1583 810 1657 Torquatus,
832 1594 880 1641 aut
899 1584 1026 1643 Valerius
1046 1584 1164 1654 Corvus,

235 1664 360 1738 insignes
369 1664 433 1720 aute
447 1663 558 1727 milites,
571 1663 655 1734 quim
670 1661 779 1718 docesl
800 1660 947 1718 cessissent
954 1661 1044 1728 Decii,
1059 1661 1165 1722 devotis

235 1741 395 1816 corporibus
414 1741 441 1798 in
462 1741 567 1799 bostem
594 1739 726 1796 ruentesl
758 1738 885 1796 cessisset
905 1739 1030 1812 Papirius
1048 1740 1163 1808 Cursor,

235 1819 282 1879 illo
295 1819 415 1892 corporis
428 1819 534 1882 robore,
548 1817 595 1874 illo
607 1817 713 1872 animil
734 1816 824 1874 vietus
837 1827 910 1874 esset
921 1816 1044 1876 consiliis
1054 1817 1167 1892 juvenis

235 1896 329 1966 unius,
342 1915 378 1954 ue
391 1896 513 1970 singulos
525 1894 675 1960 nominem,
692 1904 810 1952 senatus
823 1892 877 1962 ille,
891 1909 972 1966 quem
985 1894 1032 1966 qui
1044 1913 1079 1952 es
1091 1896 1165 1970 regis

204 1972 289 2030 subus
308 1983 433 2034 constare
460 1972 538 2037 dixit,
560 1990 631 2028 unus
652 1989 750 2042 veram,
766 1970 889 2044 speciem
910 1971 1034 2030 Romeui
1053 1973 1166 2030 senatis

237 2050 333 2124 oepitl
373 2049 407 2110 Id
420 2047 484 2105 verb
507 2059 565 2106 eret
577 2048 739 2136 periculum,
754 2064 790 2106 ue
804 2045 947 2114 sollertiis,
959 2046 1041 2121 quim
1050 2049 1167 2122 quilibet

237 2145 309 2184 unus
322 2146 356 2182 ex
370 2126 413 2192 iis,
432 2145 502 2199 quos
520 2125 666 2194 nominavi,
681 2125 777 2186 cestris
789 2125 881 2186 locum
894 2135 1014 2199 caperet,
1028 2144 1167 2184 commeo·

237 2213 282 2265 tus
295 2203 446 2292 expediret,
460 2203 495 2260 ab
508 2202 615 2260 insidiis
635 2207 813 2275 precaveret,
830 2213 937 2276 tenpus
950 2221 1050 2276 pugne
1062 2204 1166 2279 delips·
1273 2271 1278 2279 Ι

236 2291 289 2353 ret,
302 2282 391 2340 aciem
404 2281 559 2346 instrueret,
583 2278 712 2336 subsidiis
731 2280 870 2338 firmarerl
910 2279 976 2336 Nou
995 2297 1060 2338 oum
1080 2280 1167 2339 Dario

204 2375 295 2416 rerem
315 2377 376 2416 esse
395 2358 526 2418 dixisset.
559 2375 650 2430 qoem,
674 2356 819 2418 mulierum
840 2368 874 2415 ιο
893 2357 1044 2430 spadonem
1064 2373 1167 2433 agmen

236 2436 422 2502 trahentem,
415 2446 486 2493 iuter
499 2451 647 2510 pixpuram
669 2445 750 2507 atque
771 2451 877 2505 ιιιιιι,
894 2444 1036 2492 onerosum
1050 2434 1167 2494 ιοιιιιιω

238 2515 411 2588 appetitibus
423 2532 480 2573 sun
496 2511 628 2587 (predum
644 2510 741 2578 veritis,
755 2512 837 2585 quim
851 2512 981 2588 hostem),
1001 2512 1070 2570 nibil
1090 2513 1168 2570 uliud

235 2592 319 2664 quom
346 2592 418 2648 bene
443 2609 526 2649 susus
544 2607 615 2646 vana
645 2599 833 2655 contemnere,
863 2589 1026 2650 incruentus
1055 2590 1167 2649 derisit.

238 2667 333 2742 leuge
347 2669 417 2726 alius
429 2669 525 2737 Itelie,
539 2665 620 2741 quim
636 2667 733 2732 ludier,
747 2685 795 2740 per
812 2686 893 2740 quern
915 2667 1066 2726 temulento
1079 2669 1171 2743 agini.
1244 2683 1246 2690 ’

206 2760 275 2800 erne
288 2746 545 2804 commiseebundus
560 2745 682 2815 incessit,
703 2745 781 2804 visus
800 2744 839 2803 illi
862 2746 971 2802 habitus
986 2755 1066 2814 esser,
1080 2745 1170 2802 saltus

240 2822 349 2895 Apulis
362 2841 395 2878 ac
409 2833 515 2878 montes
529 2822 657 2878 Lucanos
670 2821 804 2891 cernenti,
819 2833 847 2880 et
857 2822 971 2895 vestigii
982 2821 1105 2880 reeentis
1118 2822 1166 2878 oo·

239 2899 361 2956 mesticis
374 2899 468 2968 cledis,
482 2899 530 2954 ubi
549 2899 702 2958 avunculus
720 2900 781 2974 ejus
793 2917 880 2974 super
893 2898 971 2972 Epiri
984 2912 1033 2956 reri
1046 2897 1166 2956 Alexan·

239 2976 288 3034 der
302 2977 461 3050 absumptus
474 2987 540 3035 erat.

277 3131 390 3192 XVIII.
411 3132 448 3190 Et
460 3131 596 3205 loquimur
608 3132 643 3188 de
657 3131 817 3190 Alexandro
830 3131 953 3188 noudum
966 3149 1056 3188 merso
1067 3149 1167 3190 secun·

207 3210 283 3270 sedis
294 3211 385 3280 rebus,
398 3228 513 3283 querum
526 3227 609 3268 nemo
621 3209 808 3267 intolerantior
822 3209 888 3265 fuitr
918 3208 974 3297 qui,
987 3209 1011 3266 si
1024 3228 1058 3266 ex
1071 3211 1168 3267 liubitu

239 3305 317 3347 nore
330 3287 454 3353 fortune,
468 3287 585 3362 novique
600 3285 663 3359 (ιι
657 3303 695 3342 ιιι
708 3285 839 3374 dicero)
832 3287 946 3360 ingenii,
959 3288 1031 3381 quod
1045 3288 1135 3344 sibi
1111 3305 1168 3344 rio·

240 3365 430 3430 torinduernt,
444 3375 591 3438 spectetur,
613 3364 698 3422 Dario
720 3363 808 3437 magis
828 3363 933 3430 similis,
953 3364 1034 3438 quim
1046 3365 1168 3421 Alexan-

241 3443 327 3512 dro,
320 3463 348 3500 ιι
362 3441 471 3500 Ιιιιιιιι
491 3441 620 3512 venisset,
646 3452 674 3498 et
694 3442 846 3498 exercitum
860 3441 1034 3500 Macedoniae
1051 3441 1167 3498 oblitum

242 3519 537 3594 degenerantemque
527 3537 586 3593 Jaru
599 3519 627 3576 ιι
643 3519 787 3578 Persarum
802 3537 891 3576 mures
904 3520 1068 3576 adduxisset
1108 3516 1171 3576 Res

210 3615 235 3656 to
244 3596 313 3656 serre
327 3597 356 3657 in
369 3608 445 3656 tauto
458 3613 522 3671 rege
537 3597 612 3670 piget
625 3598 771 3671 superbam
784 3597 963 3654 mutationem
975 3596 1066 3660 vestis,
1080 3607 1108 3654 et
1120 3597 1168 3654 ds·

242 3673 376 3732 sideretss
387 3675 464 3734 honri
474 3673 626 3750 jacentium
641 3673 822 3746 adulationes,
842 3675 924 3732 etiam
945 3673 1025 3730 uictis
1038 3671 1168 3732 Macedo·

242 3752 327 3812 uibus
338 3752 558 3828 grassensium
573 3752 739 3822 victoribus;
766 3763 794 3810 et
808 3753 884 3812 lusda.
900 3749 1044 3826 supplicis,
1057 3763 1086 3811 et
1097 3753 1171 3811 inter
