2638 4206
529 353 630 406 umen
645 351 691 405 111.
722 369 782 406 car.
794 367 873 406 nrrrr.
1100 357 1157 420 1oe

194 498 196 504 '
223 513 305 569 quam
319 495 414 552 urbem
427 495 631 572 egrederentur,
645 497 722 572 lagae
733 495 939 568 decemvirales,
953 495 1053 570 quibus
1063 497 1154 556 “Ta-

224 573 322 630 “bulis
344 573 499 630 Duodecim
508 575 525 602 ’⁸
551 585 716 641 estnourem
743 575 772 632 in
793 575 964 640 crinalem,
986 574 1016 630 in
1039 575 1152 650 publico

223 665 429 724 proposuerunt.
470 653 557 722 Sunt,
572 652 619 726 qui
637 653 714 728 jussu
737 653 909 710 tribunorum
929 651 1023 708 ediles
1041 652 1153 711 functos

223 746 257 783 eo
269 728 420 785 ministerio
433 729 562 785 scribant.

201 907 213 945 5
259 882 367 940 LVIII.
398 883 432 942 O.
446 884 580 941 Claudius
593 884 662 962 (qui,
677 901 790 960 perosus
802 885 1019 941 decemvirorum
1032 884 1150 953 scelera,

219 969 248 1016 et
261 973 325 1018 ante
337 981 434 1020 ornnes
447 962 537 1018 fratris
550 962 598 1019 filii
612 963 746 1037 superbla
770 962 895 1034 insectus,
916 962 1066 1036 Regillum,
1080 963 1150 1020 cml·

219 1055 301 1110 quam
316 1040 344 1096 in
358 1041 481 1114 patriam,
495 1057 525 1096 se
539 1041 718 1116 contulerat),
741 1040 765 1096 is
785 1057 885 1114 magno
902 1040 959 1114 jam
973 1055 1048 1112 natu,
1062 1059 1148 1114 quum

219 1116 254 1171 ad
281 1117 403 1192 pericula
421 1117 481 1192 ejus
506 1118 680 1191 deprecanda
699 1119 825 1190 redisset,
848 1117 927 1192 cujas
947 1117 1013 1172 ritia
1032 1117 1147 1192 fugerat,
1190 1173 1194 1178 .

220 1195 373 1251 sordidatus
398 1213 462 1251 cum
483 1195 632 1268 gentilibus
652 1196 853 1268 clientibusque
874 1194 902 1250 iu
923 1195 981 1250 foro
999 1195 1148 1268 prensabat

188 1293 211 1332 ro
220 1269 344 1346 singulos
356 1292 362 1340 ;
383 1273 540 1345 orabatque,
561 1275 578 1306 “
590 1272 636 1328 Ne
649 1273 774 1330 Claudia
787 1272 863 1347 genti
877 1289 938 1328 eam
958 1272 1077 1328 inustam
1090 1289 1148 1329 ma·

220 1349 338 1404 “culam
364 1349 475 1418 uellent,
492 1360 532 1404 »ut
551 1367 661 1406 carcere
681 1362 710 1406 et
732 1350 849 1406 viticulis
872 1349 1029 1404 viderentur
1050 1349 1146 1423 dignit

217 1425 236 1458 “
245 1427 343 1492 ritum,
357 1425 572 1484 honoratissimae
586 1427 714 1501 imaginis
727 1428 849 1484 suturam
863 1427 896 1482 ad
911 1435 1041 1500 posteros,
1053 1423 1149 1500 legum

217 1503 359 1560 “latorem
373 1503 596 1578 conditoremque
610 1504 731 1560 Romani
748 1504 825 1579 juris,
848 1505 941 1579 jacere
965 1503 1087 1558 vinctum
1105 1502 1148 1558 in·

216 1581 284 1638 “ter
298 1579 371 1636 sores
385 1590 534 1636 nocturnos
548 1597 581 1636 ac
594 1581 720 1637 latrones.
762 1583 925 1637 Averterent
938 1581 973 1636 ab
983 1579 1024 1636 irai
1037 1599 1147 1654 parum·

185 1659 291 1734 ta“per
314 1659 348 1714 ad
370 1658 559 1732 cognitionem
583 1653 831 1732 cogitationemque
852 1658 977 1726 animos;¹
1008 1667 1037 1713 et
1056 1656 1146 1732 potiris

215 1737 328 1792 “unum
354 1746 393 1792 tot
418 1734 544 1792 Claudiis
579 1731 793 1810 deprecantibus
827 1736 1024 1806 condonarent,
1051 1735 1143 1808 quam,

215 1815 350 1887 “propter
376 1814 460 1869 unius
483 1811 588 1885 odium,
614 1814 761 1870 multorum
787 1831 884 1888 preces
904 1814 1143 1886 adspernareutur.

215 1893 233 1926 “
243 1893 279 1948 Se
292 1909 399 1964 quoque
413 1891 440 1946 id
454 1891 549 1965 generi
564 1909 597 1947 ac
620 1891 725 1948 nomini
746 1891 821 1957 dare,
842 1909 896 1947 nec
917 1909 982 1947 cum
995 1907 1028 1945 eo
1041 1889 1072 1946 in
1083 1907 1145 1964 gra·

215 1969 308 2024 “tiam
334 1969 446 2035 redisse,
473 1967 553 2043 cujus
586 1969 706 2026 adrereae
733 1968 848 2025 fortuma
881 1968 946 2024 velit
972 1985 1143 2023 succursum.

180 2048 232 2102 aab
242 2046 350 2102 Virtute
364 2045 516 2102 libertatem
539 2057 728 2120 recuperatam
749 2063 829 2102 esset
862 2044 1009 2102 clementii
1029 2061 1144 2100 concor-

214 2128 233 2161 ‘⁶
242 2123 315 2179 diam
327 2122 456 2179 ordinum
479 2122 593 2178 stabiliri
616 2125 723 2197 postest
764 2121 851 2180 Erant
873 2141 940 2197 quos
958 2121 1144 2178 moveretsud

214 2201 303 2276 magis
316 2201 426 2276 pietate,
440 2198 522 2274 qurlm
544 2199 612 2274 ejus,
629 2219 678 2273 pro
694 2219 748 2275 quo
762 2201 870 2275 agebat,
883 2201 983 2256 causi:
1017 2197 1066 2254 sed
1080 2199 1144 2256 Vir-

212 2279 314 2355 glutus,
330 2284 348 2316 “
359 2277 402 2333 sui
415 2275 504 2351 potiris
517 2286 547 2332 ut
555 2276 777 2344 misererentur,'’
786 2277 889 2343 orabat,
905 2277 1067 2350 “filiaque:
1087 2294 1142 2332 uec

212 2357 329 2432 “gentis
342 2355 466 2411 Claudiae
480 2372 596 2428 regnum
610 2354 639 2411 in
661 2354 894 2430 plebemrsortitae,
913 2354 961 2409 sed
975 2353 1142 2410 necessario·

169 2438 230 2490 aei·
240 2453 298 2490 rum
313 2432 446 2507 Virginiae
459 2441 487 2487 et
500 2431 582 2487 trium
606 2432 776 2489 tribunorum
797 2449 895 2506 preces
907 2431 1050 2498 audirent3
1082 2429 1139 2504 qui,

210 2513 229 2547 “
238 2512 271 2567 ad
286 2510 417 2566 auxilium
430 2508 518 2584 plebis
531 2509 625 2576 creati,
640 2509 692 2584 ipsi
713 2509 801 2584 plebis
814 2508 896 2565 fidem
910 2519 990 2582 atque
1004 2507 1139 2564 auxilium

211 2594 229 2626 ‘i
238 2587 440 2661 implorarent.”
481 2585 498 2642 J
500 2586 616 2643 ustiores
629 2587 673 2642 har
684 2587 813 2660 lacryma
826 2586 1007 2654 videbantur;
1033 2585 1136 2660 itaque,

211 2685 259 2740 epe
283 2665 378 2730 incisi,
406 2664 563 2738 priusquam
588 2664 714 2738 prodicta
736 2664 795 2720 dies
816 2664 933 2734 adesset,
959 2663 1065 2738 Appius
1087 2662 1140 2719 sibi

210 2753 324 2800 mortem
350 2741 491 2798 conscivit.
533 2741 657 2798 Subinde
684 2752 807 2815 arreptus
827 2759 844 2796 a
866 2741 895 2797 P.
911 2740 1068 2797 Numitorio
1090 2741 1158 2816 Sp.¹

177 2838 201 2877 ao
210 2819 327 2893 Oppius,
341 2818 479 2892 proximus
493 2819 612 2890 invidiae,
626 2818 698 2893 qubd
713 2819 741 2874 iu
755 2817 829 2874 Urbe
843 2817 941 2884 suerat,
955 2835 1039 2892 quum
1053 2815 1140 2890 injus·
1155 2823 1158 2834 '

210 2908 244 2954 tae
258 2895 384 2952 vindiciae
398 2913 415 2950 a
427 2895 534 2969 collegi
547 2895 713 2952 dicerentur.
752 2895 818 2952 Plus
841 2905 933 2952 tamen
951 2895 1024 2950 iacta
1037 2891 1139 2967 injuria

209 2973 309 3050 Oppio,
322 2971 405 3048 quim
419 2990 474 3028 uon
488 2971 633 3046 prohibita,
647 2973 757 3029 invidia
772 2973 853 3030 lecit:
886 2971 963 3029 testis
976 2969 1136 3044 productus,

208 3053 263 3126 qui,
278 3062 381 3126 septem
396 3060 424 3106 et
437 3049 533 3124 viginti
547 3051 715 3106 enumeratis
738 3049 892 3125 stipendiis,
905 3048 992 3104 octies
1004 3056 1082 3104 extra
1094 3065 1137 3104 or·

207 3131 301 3186 dinem
320 3130 446 3194 donatus,
473 3127 609 3200 donaque*
624 3146 658 3184 ea
683 3147 784 3203 gerens
807 3127 835 3183 in
858 3135 1008 3200 conspectu
1032 3124 1137 3200 populi,

175 3207 292 3266 mocissi
306 3216 380 3262 veste
403 3215 510 3280 tergum
534 3203 683 3261 laceratum
706 3204 788 3280 virgis
807 3202 935 3272 ostendit,
958 3201 1074 3258 nibilum
1088 3201 1135 3258 de-

205 3302 332 3360 precans,
356 3283 461 3356 “quln,
483 3282 505 3338 si
529 3299 611 3355 quam
634 3301 712 3338 suam
734 3299 833 3338 noxam
852 3298 915 3336 reus
928 3279 1021 3336 dicere
1034 3291 1133 3353 posset,

207 3362 353 3438 “privatus
377 3359 475 3416 iterum
499 3359 528 3415 in
551 3377 581 3416 se
604 3359 739 3416 saeviret.”
779 3356 887 3432 Oppius
906 3375 1014 3431 quoque
1034 3356 1134 3411 ductus

206 3438 236 3495 in
260 3439 372 3496 vincula
398 3447 449 3504 eet,
470 3447 498 3493 et
508 3447 573 3493 aute
595 3436 694 3512 judicii
718 3436 791 3493 diem
813 3435 897 3491 linem
920 3435 960 3492 ibi
982 3434 1044 3490 vita
1057 3430 1132 3488 fecit.

206 3514 284 3575 Bona
296 3515 407 3572 Claudii
420 3513 559 3590 Oppiique
572 3515 675 3571 tribuni
688 3513 883 3590 publicavere:
910 3513 1023 3587 collega
1036 3527 1133 3568 eorum

173 3591 294 3651 soexsllii
317 3595 400 3650 causa
425 3593 513 3650 solum
533 3602 690 3650 verterunt:
729 3591 802 3649 bona
820 3590 960 3666 publicata
984 3597 1056 3645 suut.
1094 3586 1135 3646 Et

204 3669 246 3728 M.
261 3668 404 3737 Claudius,
418 3679 535 3727 assertor
548 3669 691 3744 Virginiae,
705 3670 750 3727 die
764 3669 838 3726 dicta
850 3669 1005 3734 damnatus,
1019 3664 1079 3742 ipso
1090 3683 1135 3724 re-

203 3747 331 3807 mittente
355 3746 481 3826 Virginio
504 3745 627 3805 ultimam
650 3766 770 3824 poenam,
792 3747 930 3820 dimissus,
948 3743 1134 3804 Tiburextu·
