2638 4206
151 359 205 426 160
525 361 592 410 TlTI
608 359 689 409 LlVII

148 504 242 562 vinum
255 511 282 560 et
295 501 390 576 epulas
402 501 493 558 caedes
506 501 665 567 amicorum,
689 509 717 556 et
730 499 875 556 vanitatem
889 501 1074 558 ementiendae

148 582 247 658 stirpis.
285 579 373 646 Quid,
388 579 410 636 si
430 580 486 636 viui
506 580 622 636 amorio
643 579 702 634 dies
723 578 800 634 fieret
823 579 931 634 acriori
959 580 1035 652 quid,
1049 580 1074 636 si

148 670 209 716 trux
223 676 256 714 ac
268 655 428 732 preservidu
442 657 500 714 irai
530 655 756 732 (necquidquam
779 655 892 710 dubium
907 656 976 712 inter·
990 657 1074 731 scrip

147 746 219 794 tores
232 734 332 808 resero)
347 734 458 791 nullane
471 735 532 791 haec
546 735 646 790 damna
669 733 847 807 imperatoriis
867 733 1012 789 virtutibus
1025 735 1073 790 du·

147 813 258 872 cimus'l
297 811 331 868 ld
344 810 408 868 rard
421 811 572 886 periculum
586 821 653 876 erut,
669 810 754 884 (quod
767 809 896 866 levissimi
910 829 945 866 ex-
956 811 1070 884 Graecis,
1091 823 1104 862 e

147 891 194 966 qui
207 889 369 947 Parthorum
390 907 497 963 quoque
517 899 613 946 contra
632 907 734 944 nornen
748 887 907 944 Romanum
920 888 1013 961 gloria
1033 889 1073 944 fa-

146 979 220 1042 vent,
239 967 365 1026 dictitare
390 967 490 1044 solent)
521 985 556 1022 nc
585 966 754 1040 majestatem
782 965 900 1020 nominis
920 965 1075 1022 Alexandri·

147 1047 240 1124 (quem
254 1063 290 1101 ne
303 1043 377 1102 sarni
389 1044 500 1118 quidem
518 1043 570 1100 illis
584 1054 678 1100 notum
692 1043 806 1098 arbitror
820 1041 917 1118 fuisse)
938 1043 1071 1099 sustinere

145 1141 201 1181 non
215 1121 333 1198 potuerit
342 1121 457 1197 populus
471 1123 635 1179 Romanusl
656 1129 694 1184 et,
708 1120 836 1175 adversus
849 1137 930 1192 quern
945 1121 1070 1189 Athenis

145 1201 175 1258 in
188 1201 298 1258 civitate
311 1198 398 1256 fracti
412 1198 597 1256 Macedonum
612 1197 703 1262 armis,
727 1207 858 1252 cernente
881 1207 939 1252 tum
953 1198 1105 1254 munimem

143 1277 229 1354 propri
255 1277 392 1334 fumantes
417 1275 578 1332 Thebarum
599 1275 699 1343 ruinae,
727 1274 885 1330 concionari
908 1273 991 1330 libere
1012 1275 1072 1331 ausi

147 1357 203 1414 siut
215 1351 340 1413 homines
362 1355 400 1423 (id
413 1355 485 1428 quod
499 1372 533 1410 ex
545 1351 730 1409 monumentis
742 1352 894 1408 orationum
908 1354 1004 1429 patet),
1025 1351 1073 1409 ad·
1161 1412 1166 1421 ,

145 1451 240 1492 versus
252 1447 322 1490 eum'
330 1449 413 1498 nemo
424 1450 459 1488 ea
471 1441 511 1488 tot
533 1430 690 1505 proceribus
704 1429 838 1485 Romanis
852 1429 1071 1487 vocemliberam

143 1511 278 1582 missurus
291 1509 391 1566 fueriti
430 1508 612 1569 Quantalibet
632 1507 792 1582 magnitudo
815 1507 934 1563 hominis
951 1509 1071 1582 concipi-

145 1599 205 1646 atur
219 1586 320 1659 animo,
335 1587 417 1644 nnius
429 1602 521 1643 tamen
534 1603 568 1641 ea
581 1584 741 1660 magnitudo
752 1583 870 1640 hominis
881 1583 942 1656 erit,
956 1585 1070 1642 collecta
1081 1595 1105 1634 1⁵·

144 1667 226 1742 paulo
238 1664 300 1740 plius
313 1664 410 1720 decem
424 1681 558 1720 annorum
571 1662 717 1718 felicitate:
737 1679 818 1735 quarn
831 1661 877 1734 qni
886 1659 919 1716 ed
929 1663 1069 1731 extollunt,

144 1741 219 1818 quaid
233 1740 353 1816 populus
361 1741 515 1806 Romanus,
537 1740 587 1806 etsi
602 1739 676 1795 nullo
690 1737 769 1808 bello,
790 1739 883 1794 multis
896 1750 988 1795 tamen
1001 1759 1071 1814 proe-

143 1819 189 1876 liis
201 1819 289 1875 victus
301 1817 346 1884 sit,
361 1817 518 1873 Alexdndro
531 1815 637 1872 nullius'
647 1833 747 1890 pugnae
756 1834 811 1872 non
825 1817 950 1892 secunda
963 1817 1070 1874 l'ortuna

144 1897 243 1964 fuerit3
263 1913 319 1951 non
332 1894 499 1970 intelligunt,
512 1912 542 1950 se
560 1893 679 1950 hominis
701 1911 746 1950 res
764 1905 864 1968 gestas,
884 1904 913 1950 et
925 1893 988 1968 ejus
994 1895 1070 1969 juve·

144 1973 196 2044 nis,
211 1990 275 2030 curu
288 1971 384 2048 populi
391 1970 447 2047 jam
461 1971 719 2048 octingentesimum
733 1971 859 2027 bellantis
872 1989 974 2027 annum
988 1973 1108 2040 rebusw

144 2050 279 2108 conferre.
319 2047 462 2116 Miremur,
486 2049 518 2115 si,
545 2067 629 2123 quum
649 2065 684 2104 ex
703 2049 756 2104 ba'c
775 2059 851 2122 parte
872 2049 973 2109 saecula
991 2049 1070 2123 plura

143 2138 331 2197 numerentur,
352 2127 432 2200 qudrn
455 2145 490 2182 ex
508 2125 556 2183 illd
575 2126 648 2195 anni,
669 2125 729 2201 plris
748 2125 777 2182 in
791 2136 846 2182 tam
871 2125 953 2200 longo
972 2127 1068 2200 spatio,
1095 2189 1099 2196 ,

143 2204 225 2279 quaim
239 2205 267 2260 in
282 2214 361 2262 aetate
374 2204 507 2262 tredecim
520 2222 663 2270 annorum,
678 2203 786 2259 fortuna
798 2203 961 2259 variaveritl
989 2203 1069 2263 Quin

143 2293 175 2340 tu
188 2281 306 2339 hominis
319 2300 383 2338 cum
395 2277 516 2349 homine,
537 2292 565 2338 et
578 2281 734 2338 duciacum
747 2281 827 2350 duce,
849 2280 983 2337 fortunam
1004 2299 1069 2337 cum

143 2359 251 2418 fortuni
270 2359 400 2418 consensi
439 2359 517 2420 Quot
537 2359 679 2416 Romanos
696 2359 781 2414 duces
801 2358 951 2425 nominem,
971 2358 1101 2434 quibus&

143 2455 283 2511 nunquam
297 2437 411 2494 adversa
424 2436 531 2494 fortuna
543 2455 643 2511 pugnae
657 2435 731 2492 fuitl
771 2435 890 2510 Paginas
913 2435 941 2492 in
963 2435 1068 2492 annali-

143 2514 195 2571 bus
208 2514 414 2589 magistratuum
429 2514 558 2587 fustisque
575 2530 736 2588 percurrere
748 2510 822 2578 licet,
837 2513 989 2583 consulum,
1011 2513 1068 2570 dic·

142 2601 321 2664 tatorumque,
334 2608 449 2664 quorum
463 2609 516 2646 nec
528 2590 634 2647 virtutis
657 2607 711 2646 nec
724 2589 839 2646 fortuna
853 2591 908 2647 ullo
921 2591 966 2646 die
985 2608 1068 2665 popu·

141 2668 199 2726 lum
220 2668 380 2737 Romanurn
393 2668 528 2743 poenituit.
569 2667 614 2739 Et,
627 2665 681 2740 qud
703 2667 758 2723 sint
776 2667 964 2736 mirabiliores,
984 2665 1066 2741 quim

142 2745 302 2804 Alexander
315 2756 362 2802 aut
374 2745 517 2820 quisquam
530 2763 586 2812 rex,
601 2746 687 2801 denos
701 2745 864 2819 vicenosque
878 2746 937 2802 dies
956 2745 1100 2819 quidamst

142 2824 316 2895 dictaturam,
329 2842 411 2880 nemo
422 2822 483 2898 pluis
495 2823 576 2897 quim
590 2841 694 2878 annum
715 2823 886 2879 consulatum
900 2825 1002 2898 gessit:
1032 2823 1067 2880 ab

142 2902 258 2960 tribunis
271 2901 358 2977 plebis
371 2901 495 2958 delectus
508 2901 631 2976 iinpediti
645 2911 727 2957 sunt:
755 2911 815 2974 post
827 2911 935 2975 ternpus
948 2901 981 2956 ad
996 2901 1068 2956 bella
1098 2933 1100 2940 ·

141 2981 248 3036 ierunt:
268 2991 332 3036 ante
345 2989 452 3055 tempus
465 2979 636 3037 comitiorum
650 2980 732 3034 causei
744 2978 862 3033 revocati
871 2988 949 3033 sunt:
969 2977 1067 3051 inipso

141 3067 243 3114 conatu
255 3075 346 3114 rerum
359 3057 522 3131 circumegit
535 3075 564 3112 se
579 3075 682 3112 annus:
704 3055 816 3130 collegae
829 3073 904 3110 nunc
917 3053 1065 3125 temeritas,

141 3151 217 3190 nunc
225 3133 350 3206 pravitas,
359 3134 556 3209 impedimento
566 3143 613 3190 aut
625 3133 726 3188 damno
734 3131 798 3189 luit:
813 3131 881 3187 male
891 3130 976 3205 gestis
984 3129 1065 3187 rebus
1073 3139 1098 3178 ³⁵

142 3210 252 3268 alterius
262 3227 421 3268 successum
429 3222 484 3268 est:
496 3211 610 3268 tironem
623 3209 747 3266 autmald
758 3209 900 3284 discipline
912 3208 1065 3265 institutum

141 3288 294 3346 exercitum
308 3299 482 3362 acceperunt.
503 3289 544 3345 At
554 3287 690 3364 (Hercule
700 3287 721 3363 l)
736 3305 815 3362 reges
825 3305 880 3344 non
888 3286 966 3342 liberi
974 3286 1065 3343 solinu

141 3365 343 3441 impedimenti·
365 3366 502 3433 omnibus
529 3366 577 3422 sed
607 3364 711 3421 domini
740 3382 831 3420 rerum
850 3374 1065 3438 temporumque,

123 3445 252 3532 *trahunt
281 3442 402 3500 consiliis
427 3453 539 3515 cuncta,
566 3461 622 3499 nou
635 3452 807 3516 sequnntur.
858 3441 981 3498 Invictus
1000 3459 1065 3516 ergo

142 3519 301 3578 Alexander
320 3537 385 3576 curu
406 3520 516 3576 invictis
536 3521 653 3577 ducibus
673 3519 745 3576 bella
763 3519 901 3593 gessisset,
920 3530 949 3576 et
968 3519 1098 3576 eadem⁴0

141 3596 255 3653 fortune
274 3598 390 3674 pignora
409 3597 438 3653 in
458 3598 607 3655 discrimen
634 3597 792 3653 detulisset:
824 3597 907 3653 immo
929 3595 1065 3654 etiamad

140 3673 201 3748 plus
211 3674 327 3746 periculi
340 3673 466 3746 subisset,
486 3673 557 3749 qudd
575 3674 749 3730 ‘Macedones
770 3691 854 3730 uuum
877 3674 1068 3732 Alexandrum*

140 3750 308 3820 habuissent,
322 3749 415 3811 multis
427 3751 538 3808 casibus
551 3769 607 3808 nun
629 3751 721 3809 solirru
740 3751 898 3823 obnoxium,
920 3752 1067 3810 sedetiam
