2638 4206
569 360 669 412 LIBER
682 361 713 410 V.
745 373 864 422 carmus.
1108 355 1162 418 18!

235 497 398 575 “deinceps
410 519 546 559 annorum
565 504 607 560 vel
628 505 764 562 secundus
783 523 835 575 res,
855 500 897 558 vel
917 500 1061 558 adversas:
1088 497 1165 558 iave-

236 578 255 610 “
268 577 349 636 nietis
361 579 454 636 omnia
473 582 599 654 prospere
612 584 736 640 evenisse
756 579 932 654 sequentibus
945 579 1030 650 Deos,
1050 577 1165 638 adversa

238 655 466 728 “spernentibus
508 657 570 714 lam
583 661 706 717 omnium
726 660 845 735 primum
860 657 964 732 Vejens
977 657 1079 713 bellum
1102 655 1164 732 (per

238 733 256 766 “
266 744 332 808 quot
345 753 441 800 annm,
456 746 556 809 quanto
569 736 662 795 labore
675 748 782 812 gestum
794 738 815 812 l)
837 753 892 792 non
906 735 969 792 ante
982 735 1057 809 cepit
1068 732 1164 802 finem,

215 810 255 870 e“
266 809 359 882 qudm,
373 813 479 869 monitu
492 813 625 880 Deorum,
640 834 711 888 equa
733 833 768 872 ex
791 812 854 870 lacu
878 812 988 870 Albano
1001 812 1101 870 emissa
1113 823 1164 868 est.

237 887 346 946 “Quid
360 890 420 944 haec
433 891 544 946 tandem
566 892 640 949 urbis
661 903 759 948 nostre
782 891 876 948 clades
889 907 961 948 nova
975 892 986 945 l
1019 909 1088 966 num
1100 889 1164 946 ante

236 966 255 1000 “
266 977 362 1022 exorta
375 979 425 1033 est,
440 968 521 1040 qudm
535 980 625 1044 spreta
638 989 690 1026 vox
703 969 773 1027 coelo
785 970 886 1026 emisse
908 969 943 1025 de
966 968 1087 1024 adventu
1101 967 1166 1023 Gal·

237 1043 376 1101 “loruml
409 1045 489 1117 qudm
512 1047 637 1121 gentium
659 1048 705 1122 jus
724 1048 759 1103 ab
779 1047 876 1121 legatis
896 1046 995 1104 uostris
1014 1045 1165 1104 violatum?

237 1123 256 1155 “
266 1121 346 1195 quam
361 1141 377 1178 a
390 1123 478 1191 nobis,
492 1144 577 1198 quum
590 1125 726 1182 vindicari
740 1125 861 1190 deberet,
884 1124 983 1180 eisdem
996 1122 1165 1198 negligentis

208 1215 230 1254 ro
239 1201 257 1233 “
267 1197 389 1255 Deorum
415 1203 650 1274 pretermissuml
701 1203 789 1276 Igitur
816 1201 889 1270 victi,
918 1201 1043 1275 captique
1070 1219 1103 1258 ac
1123 1217 1166 1256 re·

240 1279 258 1312 “
269 1275 381 1350 dempti,
395 1288 500 1334 tantum
522 1299 664 1354 poenarum
679 1279 740 1336 Diis
755 1278 965 1352 hominibusque
978 1277 1114 1346 dedimus,
1136 1287 1166 1334 ut

239 1357 402 1410 “terrarum
421 1355 480 1413 orbi
500 1358 667 1414 documento
682 1376 813 1414 essemus.
853 1356 985 1412 Adverse
1008 1355 1108 1412 deinde
1122 1373 1165 1412 res

238 1431 470 1488 “admonuerunt
489 1434 660 1510 religionum.
700 1434 883 1508 Confugimus
897 1433 925 1490 in
945 1433 1112 1507 Capitolium
1130 1432 1165 1490 ed

238 1510 258 1544 “
269 1507 353 1575 Deos,
369 1511 402 1564 ad
416 1512 510 1568 sedem
523 1512 600 1568 doris
613 1512 719 1586 Optimi
734 1511 867 1568 Maximi:
897 1529 975 1568 soora
988 1511 1017 1567 in
1031 1511 1111 1568 ruina
1125 1529 1167 1568 re·

208 1601 230 1640 rs
240 1590 257 1622 “
268 1605 327 1643 rum
342 1599 494 1645 nostrarum
513 1589 567 1646 alia
579 1600 658 1647 terrae
672 1590 831 1655 celavimus,
853 1589 914 1659 alia,
931 1599 1029 1644 avecta
1041 1589 1070 1646 in
1084 1588 1166 1646 finiti·

170 1683 172 1692 s
239 1667 256 1700 ‘⁴
269 1682 327 1718 mas
341 1664 431 1735 urbes,
445 1669 597 1724 amovimus
610 1669 645 1723 ab
660 1667 778 1724 hostium
791 1667 887 1723 oculis.
915 1665 1037 1724 Deorum
1051 1666 1165 1740 cultum,

239 1741 369 1798 “deserti
390 1743 425 1798 ab
447 1743 511 1804 Diis¹
531 1745 752 1819 hominibusque,
772 1759 865 1800 tamen
885 1763 941 1800 non
961 1743 1165 1800 intermisimus.

239 1823 257 1856 “
271 1819 429 1876 Reddidere
443 1822 526 1896 igitur
545 1823 670 1896 patriam,
691 1834 719 1880 et
732 1823 883 1894 victoriam,
906 1833 934 1878 et
946 1821 1087 1895 antiquum
1102 1821 1166 1878 belli
1191 1859 1192 1870 ,

129 1961 132 1970 Δ
164 1905 168 1914 ’
238 1900 258 1934 “
269 1896 354 1953 decus
368 1897 517 1956 amissum:
538 1911 566 1956 et
579 1901 607 1956 in
622 1901 722 1966 hostes,
734 1900 781 1974 qui
795 1900 863 1956 ceci
877 1898 1166 1973 avaritidinpondere

174 2021 180 2035 ,,
208 1975 329 2029 ao“auri
355 1975 445 2030 soedus
465 1995 498 2034 ac
518 1977 600 2034 fidem
621 1978 784 2044 fefellerunt,
812 1987 951 2034 verterunt
977 1985 1107 2032 terrorem
1127 1975 1167 2034 su·

175 2049 180 2110 ³,
241 2058 258 2089 “
269 2069 387 2128 gamque
401 2063 428 2108 et
441 2055 555 2110 caedem.

231 2281 233 2289 Α
279 2206 344 2266 LII.
365 2209 383 2241 “
395 2207 465 2264 Haee
479 2209 545 2265 culti
565 2209 739 2284 neglectique
752 2209 874 2266 numinis
893 2218 970 2266 tanta
989 2219 1168 2266 monumenta

241 2288 300 2342 “in
321 2285 402 2341 rebus
430 2287 557 2344 humanis
580 2300 735 2352 cernentes,
762 2286 860 2358 ecquid
888 2286 1012 2351 sentitis,
1030 2285 1166 2359 Quirites,

240 2370 410 2438 “quantum,
435 2364 545 2420 vixdum
576 2363 761 2440 enaulragiis
788 2363 883 2438 prioris
912 2363 1000 2436 culpas
1027 2362 1167 2437 cladisque

207 2447 256 2494 es“
268 2453 448 2514 emergentes,
463 2460 590 2514 paremus
603 2443 703 2498 nesasl
743 2441 845 2498 Urbem
864 2438 1003 2514 auspicatd
1023 2440 1168 2514 inaugura·

240 2525 258 2556 “
270 2521 349 2594 tdqne
363 2517 501 2574 conditam
516 2521 667 2576 babemus:
701 2519 792 2576 nullus
812 2519 889 2576 locus
902 2519 930 2574 in
943 2519 978 2574 ed
991 2536 1045 2574 nou
1060 2518 1167 2593 religio-

185 2610 190 2672 ξ
241 2603 337 2654 “num
358 2594 533 2670 Deorumque
553 2611 595 2654 est
620 2597 738 2670 plenus:
772 2595 914 2652 sacrificiis
933 2595 1092 2652 solennibus
1109 2615 1167 2654 non

186 2675 188 2695 ³
240 2681 258 2712 “
271 2675 330 2732 dios
349 2674 436 2746 magis
457 2675 528 2748 stati,
549 2674 631 2749 quern
645 2675 791 2740 locasunt,
811 2673 841 2728 in
862 2673 959 2747 quibus
981 2673 1056 2732 fiant.
1108 2673 1168 2734 Hos

241 2758 366 2808 “omnes
394 2750 477 2817 Deos,
507 2753 632 2826 publicos
662 2753 841 2826 privatosque,
868 2750 1004 2821 Quirites,
1034 2751 1167 2808 deserturi

208 2835 259 2879 m“
271 2830 358 2884 estisl
397 2825 490 2886 Quem
505 2849 552 2904 par
572 2842 691 2886 vestrum
712 2829 877 2898 factumest,
898 2829 969 2901 quod
984 2827 1012 2883 in
1025 2825 1168 2884 obsidione

242 2914 358 2982 “nuper
380 2904 408 2960 in
429 2907 539 2982 egregio
553 2907 727 2964 adolescente
742 2907 774 2964 C.
789 2905 885 2971 Fabio,
906 2923 962 2960 non
982 2903 1087 2960 minore
1107 2903 1169 2960 bos-

242 2984 340 3042 “tium
362 2983 551 3051 admiratione,
572 2985 654 3058 quern
674 2987 772 3055 vestre,
793 2992 971 3056 conspectum
994 2991 1051 3048 est3
1083 2999 1169 3054 quum

240 3071 258 3104 ‘t
271 3063 342 3119 inter
354 3061 463 3119 Gallica
476 3061 530 3117 tela
550 3062 694 3136 degressus
715 3081 750 3118 ex
763 3079 827 3117 arce
841 3059 955 3116 solenne
968 3057 1063 3114 Fabiae
1077 3059 1170 3134 gentis
1307 3121 1308 3128 ,

241 3150 258 3182 “
271 3141 299 3197 in
314 3140 384 3196 colle
397 3137 537 3199 Quirinali
549 3139 637 3196 obiitt
679 3144 725 3196 An
739 3136 882 3214 gentilicia
901 3155 979 3192 sacre
1000 3154 1037 3193 ne
1054 3135 1083 3194 in
1097 3137 1170 3195 bello
1260 3136 1266 3152 ⁸

206 3227 259 3271 ests
270 3218 381 3292 quidem
395 3217 546 3284 intermitti,
557 3217 669 3292 publica
688 3235 766 3274 sacra
783 3227 811 3272 et
830 3215 972 3272 Romanos
990 3212 1066 3272 Deos
1085 3215 1169 3272 etiam

242 3296 299 3354 “in
313 3314 383 3370 pace
403 3294 502 3360 deseri,
525 3293 637 3369 placetl
669 3305 697 3352 et
717 3294 861 3370 pontifices
883 3291 1061 3368 flaminesque
1082 3291 1169 3366 negli·
1263 3337 1266 3352 .
1307 3329 1308 3336 κ

242 3373 409 3448 “gentiores
430 3372 601 3445 publicarum
624 3373 788 3448 religionum
801 3389 871 3436 esse,
894 3369 977 3444 quim
999 3369 1119 3445 privatus
1138 3368 1168 3425 in

243 3461 260 3494 “
271 3450 376 3509 solenni
398 3450 488 3524 gentis
508 3449 607 3508 lueritl
647 3449 773 3508 Forsitan
800 3447 896 3522 aliquis
916 3447 1000 3515 dicat,
1023 3457 1071 3502 aut
1091 3445 1168 3522 Vejis

243 3537 261 3572 ‘t
273 3546 306 3584 ea
318 3547 368 3586 nos
382 3527 511 3594 facturos,
525 3539 572 3584 aut
585 3528 640 3585 huc
654 3529 718 3585 inde
733 3528 862 3585 missuros
875 3527 1031 3584 sacerdotes
1049 3535 1167 3593 nostros,

210 3605 319 3678 sequi
333 3605 453 3662 faciant:
481 3623 596 3678 quorum
617 3616 745 3664 neutrum
765 3603 824 3662 fieri
844 3603 927 3660 salvis
947 3601 1168 3678 cerimoniispo·

243 3695 262 3730 ‘⁶
273 3693 342 3739 test:
362 3693 397 3752 et,
411 3701 446 3740 ne
460 3682 552 3739 omniu
565 3683 716 3756 generatim
739 3700 817 3738 secra
829 3698 977 3754 omnesque
990 3697 1168 3754 percenseam

241 3773 261 3808 u
273 3759 357 3833 Deos,
370 3760 399 3818 in
419 3760 494 3818 Jovis
513 3759 594 3834 epulo
613 3778 681 3818 num
701 3759 775 3827 olibi,
795 3757 878 3834 qudm
898 3758 927 3815 in
947 3756 1092 3832 Capitolio,
1110 3755 1170 3832 pul·
