2620 4200
498 295 951 364 fflfflmm:
1098 308 1167 373 m

232 455 313 520 “qm
325 445 497 515 hodatieritt
511 457 546 509 ,et
558 445 736 521 quid-hostes
749 447 858 511 auxiliis
875 456 906 506 at
918 445 1039 522 pecunia
1052 412 1171 522 impp]

233 523 298 584 “Et
311 524 343 586 P·
357 524 518 598 Scipionem
527 525 604 586 recte
618 535 699 598 atqua
711 525 808 585 ordine
821 525 907 587 rideri
929 523 1028 583 secisse
1048 536 1076 582 et
1088 525 1166 592 leca-

234 610 253 640 “
261 620 301 668 re,
314 601 387 675 qudd
401 621 459 673 eos,
471 602 518 676 qui
532 620 607 666 arma
621 614 717 660 uonna
729 601 860 676 populum
874 602 1033 668 Romanum
1044 602 1167 662 ferentes

234 681 337 752 “eapti
365 694 439 751 sunt,
469 679 588 738 hostium
614 697 734 738 numero
766 680 795 736 in
827 680 944 738 vinculis
974 679 1097 739 habeat:
1136 692 1166 738 et

196 764 255 818 ἐ’-ἔ
265 754 307 816 Μ.
321 757 467 818 Aurelium
487 775 504 813 e
525 775 555 814 re
577 756 690 830 publiea
703 757 804 827 facere,
824 767 987 832 gratumque
1007 757 1035 812 id
1056 757 1166 822 senatui

234 842 333 906 “esee,
346 833 419 907 quod
433 835 524 897 socios
536 833 629 909 populi
642 833 776 906 Romani,
785 835 898 907 quando
909 835 970 910 jure
984 834 1095 894 hederis
1108 855 1166 910 non

194 962 196 966 Α
234 919 363 984 “poseet,
389 912 471 973 armis
497 910 633 970 tueatur.'’
688 911 759 968 Cum
783 912 836 968 hoc
861 923 917 970 tam
943 912 1013 969 tristi
1035 931 1167 986 responso

134 1006 137 1016 ¹
164 986 178 1036 l
226 988 356 1047 dimissis
369 988 581 1054 Macedonibus,
596 989 679 1064 legati
700 989 944 1064 Carthaginienses
963 990 1071 1049 vocati:
1101 1009 1169 1064 quo-

229 1083 296 1128 rum
309 1047 435 1125 aetatlbus
448 1067 681 1142 dignitatibusque
707 1067 863 1140 conspectis
884 1067 963 1142 (nam
984 1065 1067 1142 longe
1086 1067 1168 1142 primi

202 1160 226 1200 rc
236 1143 354 1206 ¹civitatis
366 1146 468 1222 erant),
482 1155 541 1203 tum
554 1163 603 1218 pro
617 1163 646 1200 se
659 1143 772 1216 quisque
786 1145 889 1216 dicere,
903 1147 967 1202 vere
982 1145 1016 1203 de
1030 1163 1099 1218 pace
1113 1145 1167 1224 agi.

234 1219 359 1295 insignis
372 1232 465 1278 tamen
479 1221 550 1278 inter
564 1231 678 1279 caeteros
689 1221 922 1288 Hasdrubalem,
935 1221 1069 1296 (Hedum
1083 1241 1169 1297 popu-

235 1297 308 1356 lares
317 1299 486 1373 ,cognomine
500 1298 687 1374 appellabant)
701 1299 778 1372 pacis
790 1318 898 1373 semper
910 1310 1014 1371 auctor,
1027 1300 1170 1364 adversus-

230 1393 290 1448 que
313 1376 426 1435 factioni
450 1375 588 1434 Barcina.
627 1375 671 1432 Ed
695 1385 752 1432 tum
776 1377 836 1448 plus
860 1377 899 1433 illi
919 1377 1088 1434 auctoritatis
1108 1377 1169 1450 luit,

236 1452 301 1510 belli
316 1454 426 1527 culpem
441 1454 469 1511 in
489 1471 640 1527 paucorum
659 1453 837 1526 cupiditatem
858 1473 874 1510 a
894 1453 1036 1528 republiclt
1055 1453 1170 1512 transle-

148 1543 174 1568 “«
205 1531 327 1586 rorenti:
348 1532 494 1605 quiquam
515 1531 590 1589 rarid
602 1531 726 1590 oratione
747 1549 813 1590 urus
834 1542 916 1602 esset,
937 1549 1013 1591 nunc
1026 1533 1171 1606 purgando

229 1607 457 1677 crimina-nuuc
480 1609 607 1681 quaedam
629 1607 750 1672 fatendo,
777 1626 813 1664 ne
833 1609 1006 1682 impudenter
1026 1619 1103 1664 certa
1120 1625 1172 1677 ue-
1197 1633 1201 1677 g

235 1685 367 1760 gentibus
380 1684 518 1742 difficilior
531 1685 613 1743 venia
625 1695 709 1757 esset,
721 1703 798 1740 nnnc
822 1685 958 1755 monendo
978 1685 1061 1742 etiam
1075 1685 1173 1752 Patres

237 1763 408 1835 conscriptos
419 1772 451 1818 ut
463 1760 547 1818 rebus
559 1761 691 1818 secundis
704 1760 828 1818 modeste
852 1781 885 1818 ac
906 1763 1046 1819 moderate
1062 1773 1173 1820 uteren-

238 1849 299 1896 tur:
333 1849 351 1874 ‘⁴
363 1839 394 1894 Si
415 1857 444 1896 se
465 1849 546 1910 atque
567 1839 736 1897 Hannonem
757 1839 899 1896 audissent
918 1839 1172 1914 Carthaginienses,

204 1930 231 1974 20
241 1926 259 1952 “
268 1927 296 1972 et
309 1925 432 1989 tempore
442 1915 483 1972 uti
496 1914 655 1980 voluissent,
679 1915 790 1970 daturos
803 1915 886 1970 luisse
899 1916 976 1988 pacis
989 1917 1173 1988 conditiones,

241 2003 259 2030 “
268 2013 336 2066 quas
348 2003 416 2049 tunc
430 2001 563 2066 peterent
603 1989 681 2048 Raro
695 1991 775 2049 simul
797 1991 954 2050 hominibus
974 1992 1074 2050 bouem
1089 1991 1174 2059 fortu-

242 2080 260 2107 “
270 2089 335 2129 uem
348 2069 503 2143 bonamque
517 2078 639 2126 mentem
652 2067 721 2124 dari.
761 2067 896 2141 Populum
910 2069 1071 2126 Romanm
1084 2067 1118 2124 ed
1130 2069 1174 2131 ia·

242 2159 260 2185 “
270 2149 372 2206 victum
385 2167 455 2216 esse,
469 2144 542 2220 quud
554 2145 591 2206 ‚in
614 2145 746 2202 secundis
765 2144 847 2200 rebus
870 2164 965 2219 sapere
987 2156 1015 2202 et
1028 2145 1174 2203 consulere

242 2235 260 2262 ‘⁶
270 2225 442 2283 meminerit:
469 2236 497 2280 et
512 2222 649 2296 (Hercule
659 2221 680 2300 l)
695 2222 851 2278 mirandum
865 2221 959 2294 suisre,
972 2223 997 2280 si
1010 2223 1087 2294 aliter
1101 2223 1175 2278 face-

208 2313 338 2372 „tament
379 2303 422 2358 Ex
436 2301 593 2371 insolentia,
606 2299 706 2373 quibus
720 2318 791 2356 nova
810 2300 883 2356 bona
896 2299 1003 2358 lortuna
1022 2301 1065 2370 sit,
1089 2299 1176 2373 impo-

242 2384 359 2436 “tentes
372 2380 474 2436 laetitia
487 2378 617 2436 insanire.
657 2376 763 2450 Populo
775 2377 905 2446 Romano
928 2378 1027 2434 usitata
1040 2396 1076 2434 ac
1086 2375 1174 2452 prope

244 2468 261 2494 ‘⁶
269 2459 324 2534 jam
339 2458 462 2517 obsoleta
474 2475 509 2516 ex
526 2456 638 2513 victorii
649 2455 752 2530 gandia
765 2473 836 2526 esse,
854 2454 922 2529 plus
941 2473 1020 2528 pene
1033 2454 1175 2529 parcendo

244 2535 360 2606 “victis
384 2535 465 2608 quam
488 2533 636 2600 vincendo,
659 2532 805 2606 imperium
828 2531 965 2590 auxisse-'⁹’
991 2532 1176 2600 ¹Caeterorprrt

244 2613 422 2670 miserabilior
451 2612 538 2670 oratio
564 2609 625 2676 suit,
655 2610 940 2681 commemorantium,
969 2619 988 2646 “
1002 2609 1045 2666 Ex
1064 2609 1175 2682 quantia

212 2691 371 2763 amphus
393 2687 446 2762 qud
465 2689 629 2744 recidissent
649 2686 920 2761 Carthaginiensium
939 2705 1002 2744 res:
1030 2687 1100 2743 nihil
1123 2685 1175 2752 eis,
1195 2734 1200 2750 ,,

247 2767 321 2839 “qui
336 2765 416 2822 modd
429 2765 524 2822 orbern
536 2765 619 2838 prope
633 2775 766 2820 terrarum
779 2764 962 2820 obtinuissent
975 2763 1070 2834 armis,
1080 2781 1175 2836 super·

246 2853 345 2909 “esse,
361 2855 458 2917 praeter
472 2841 648 2915 Carthaginis
662 2840 772 2896 inoenia.
811 2839 851 2896 lis
871 2840 1001 2906 inclusos,
1023 2858 1078 2896 non
1092 2839 1192 2905 terris

233 2931 330 2978 2“u0n
355 2920 432 2990 muri,
453 2919 601 2994 quidquam
624 2917 667 2974 sui
690 2916 760 2992 juris
782 2935 904 2973 cernere.
944 2915 1047 2973 Urbem
1067 2935 1176 2992 quoque

246 3009 265 3036 ⁸‘
275 2999 361 3073 ipsam
375 3007 536 3071 capenates
550 2997 587 3052 ita
600 2995 750 3060 habituros,
773 2994 796 3050 ei
820 3013 875 3050 non
889 2994 917 3050 iu
938 3013 972 3050 ea
993 3002 1108 3068 quoque,
1122 3013 1178 3068 quo

213 3077 343 3134 ³⁵“nihil
358 3075 473 3132 ulterius
486 3074 530 3139 sit,
544 3073 638 3129 saevire
657 3072 773 3146 populus
787 3072 930 3128 Romanus
947 3071 1039 3130 velit-'⁹
1077 3069 1178 3132 Quum

248 3152 322 3213 flecti
336 3151 525 3211 misericordia
538 3151 633 3206 Patres
646 3160 797 3223 appareret,
819 3158 973 3206 senatorum
988 3167 1074 3207 unum
1094 3147 1178 3206 inses-

247 3242 305 3286 tum
321 3230 443 3304 perlidiae
464 3227 735 3301 Carthaginiensium
755 3224 953 3281 succlamaissse
973 3226 1072 3291 ferunt,
1094 3225 1177 3285 “Per

250 3317 345 3382 “quos
358 3307 434 3362 Deos
454 3306 544 3361 soedus
564 3304 644 3360 icturi
661 3312 761 3371 essent,
782 3321 866 3375 quum
886 3321 942 3373 eos,
962 3322 1009 3377 per
1023 3321 1091 3376 quoe
1109 3305 1177 3360 ante
1202 3361 1204 3366 ,

249 3387 267 3419 “
277 3387 363 3441 ictum
376 3393 458 3451 esset,
472 3381 632 3438 fefellissent
642 3382 654 3435 ‘l
664 3382 679 3406 '⁵
701 3383 719 3413 “
732 3379 783 3436 Per
796 3379 935 3446 eosdem‚”
957 3379 1045 3454 inquit
1055 3378 1179 3436 Hasdru·

218 3469 242 3509 ⁴⁰
251 3461 305 3528 bal,
318 3467 336 3496 ‘⁴
345 3461 391 3537 qui
405 3472 461 3517 tam
475 3458 567 3515 infesti
580 3468 643 3514 sunt
657 3457 759 3513 soedera
772 3455 964 3512 violantibus”
1106 3527 1108 3534 Α

1193 3545 1206 3574 'l

290 3615 400 3675 XLIII.
420 3613 565 3672 Inclinatis
578 3612 701 3668 omnium
715 3610 750 3668 ad
770 3627 867 3683 pacem
888 3610 995 3675 animis,
1010 3610 1063 3667 Gn.
1077 3611 1181 3668 Lentu·

253 3693 296 3754 lus
309 3693 415 3760 consul,
429 3693 475 3750 cui
489 3690 586 3748 classis
598 3689 738 3764 provincia
750 3699 818 3758 erat,
839 3688 1085 3744 senatus-consulto
1098 3689 1182 3746 iuter-
