2622 4194
574 327 674 394 LIBER
690 341 724 392 11.
741 353 803 394 cnr.
814 356 864 391 vrr.
1130 339 1168 402 ω

237 478 295 543 lem
308 483 406 560 dirigit.
446 482 540 540 Sensit
553 483 591 542 'in
604 502 634 541 se
654 475 687 542 iri
709 483 822 542 Brutus.
859 481 1000 540 D'ecoraru
1023 485 1084 540 erat
1105 492 1166 542 turn

238 562 305 638 ipsis
317 571 459 636 capessere
473 575 593 636 pugnam
607 562 742 618 ducibus:
769 561 848 618 aride
870 561 962 634 itaque
974 579 1005 617 sc
1017 560 1165 618 certamini

236 640 331 698 effert:
351 637 474 712 adedque
487 638 593 696 infestis
614 638 715 696 animis
733 648 943 704 concurrerunt,
966 648 1073 705 neuter,
1098 637 1166 696 dum

239 709 342 774 bostem
356 715 521 783 vulneraret,
535 717 577 773 sui
592 717 754 792 protegendi
775 715 898 790 corporis
917 733 1031 781 memor,
1045 725 1084 786 ut,
1099 733 1166 772 con·-

216 793 317 850 suario
330 793 387 852 ictu
400 811 450 868 per
462 811 583 868 parmam
598 805 712 868 uterque
732 793 886 859 transfixus,
909 791 1017 848 duabus
1030 793 1166 850 herentes

233 871 328 938 hastis,
342 871 499 928 moribundi
512 889 546 928 ex
559 871 637 945 equis
649 871 718 946 lapsi
731 870 801 928 sint:
823 869 903 926 simul
916 881 945 926 et
957 880 1058 928 catera
1070 887 1166 944 eques·

232 947 281 1005 tris
294 967 390 1024 pugna
412 948 513 1024 coepit3
545 967 634 1023 neque
654 948 693 1005 ita
714 945 799 1004 multd
822 946 883 1022 pdst
904 957 933 1004 et
951 945 1059 1021 pedites
1072 965 1166 1022 super-¹

231 1025 356 1082 veniunt.
397 1025 440 1083 lbi
454 1026 528 1083 varin
540 1027 662 1096 victorii,
676 1037 705 1083 et
717 1025 793 1082 velut
806 1043 884 1098 equo
897 1023 998 1091 Marte,
1011 1035 1165 1100 pugnatum

231 1114 292 1160 est:
313 1104 409 1160 dextra
423 1101 558 1178 utrimque
571 1122 676 1161 cornua
693 1103 793 1169 vicero,
807 1102 876 1159 laeva
888 1112 1023 1176 superate.
1065 1101 1165 1178 Vejen·

200 1189 283 1250 tutes,
296 1179 370 1256 vinci
383 1181 418 1237 ab
438 1181 567 1238 Romano
590 1181 676 1243 milite
699 1180 810 1262 assueti,
833 1179 886 1236 l'usi
900 1178 1055 1254 fugatique:
1095 1177 1165 1238 Tur·

232 1257 392 1330 quiniensis,
406 1275 493 1314 novus
506 1257 600 1324 hostis,
614 1275 670 1315 nou
682 1257 758 1316 stetit
779 1256 877 1325 soldm,
897 1257 948 1314 scd
967 1257 1051 1314 etiam
1064 1257 1100 1314 ab
1112 1257 1164 1314 sud

230 1345 308 1408 purte
321 1334 480 1392 Romanum
493 1335 605 1409 pepulit.
997 1335 1001 1346 '
1026 1333 1030 1342 '
1179 1368 1193 1428 Ι,

269 1488 335 1546 VII.
357 1489 401 1548 Ita
413 1507 497 1564 quum
510 1500 662 1565 pugnaturn
675 1489 758 1562 esset,
771 1500 863 1550 tantus
876 1501 962 1550 terror
975 1484 1163 1566 Tarquinium

229 1576 310 1640 utque
324 1566 456 1624 Etruscos
469 1568 593 1632 incessit,
608 1579 639 1625 ut
650 1568 753 1624 omissis
766 1568 843 1626 irriti
863 1589 902 1638 re,
926 1579 1008 1628 nocte
1022 1571 1103 1628 ambo
1116 1589 1164 1628 ex·

197 1655 221 1696 ¹5
229 1643 339 1716 orcitus,
353 1645 457 1719 Vejens
471 1645 747 1721 Tarquiniensisque,
771 1665 835 1704 suns
855 1649 970 1722 quisque
994 1647 1102 1706 abirent
1114 1649 1163 1706 do·

227 1739 293 1778 mos.
333 1722 636 1798 Adjiciunt‘miracuia
661 1722 728 1780 huic
747 1743 865 1799 pugnae:
899 1725 1008 1784 silentio
1029 1726 1162 1801 proximu

136 1845 140 1860 a
227 1799 316 1856 noctis
340 1818 378 1856 ex
400 1800 468 1876 silvi
488 1799 573 1858 Arsid
602 1799 745 1877 ingentem
776 1800 889 1876 editam(
905 1815 1020 1872 vocem}
1054 1804 1160 1862 Silvani

209 1879 321 1932 'uocem
335 1894 396 1934 eam
410 1878 542 1935 creditam
551 1899 559 1948 ;
580 1879 641 1936 haec
660 1879 752 1948 dicta;
786 1879 879 1938 “Uno
901 1881 962 1956 plus
980 1881 1161 1940 Etruseorum

225 1955 389 2014 “cecidisse
403 1955 432 2012 iu
453 1955 533 2023 acie;
566 1956 677 2014 vincere
699 1957 771 2014 bello
791 1958 981 2016 Romanum.”
1021 1956 1065 2014 Ita
1084 1957 1161 2016 certd

190 2028 291 2086 winde
304 2030 399 2086 abiere
413 2032 545 2103 Romani,
559 2042 590 2089 ut
603 2033 736 2104 victoresq
758 2035 869 2092 Etrusci
882 2055 933 2111 pro
946 2035 1034 2094 victis.
1073 2035 1157 2106 Nam,

225 2114 367 2180 postquam
382 2107 481 2174 illuxit,
495 2109 704 2183 necquicquam
728 2112 845 2170 hostium
867 2113 897 2170 in
920 2123 1071 2189 conspectu
1089 2124 1158 2181 erat,

225 2181 257 2240 P.
273 2183 400 2242 Valerius
412 2185 509 2242 consul
521 2185 609 2259 spolia
621 2187 697 2260 legit,
717 2188 944 2264 triumphansque
958 2191 1023 2248 inde
1035 2191 1159 2249 Romam

223 2261 313 2318 rediit
354 2261 475 2337 Collegae
489 2262 582 2329 funus,
603 2273 705 2335 quanto
725 2274 783 2320 tum
804 2267 891 2338 potuit
911 2281 1051 2340 apparatu,
1073 2267 1157 2324 fecitr

138 2346 140 2361 ’
222 2338 270 2394 sed
285 2337 371 2396 multd
384 2340 565 2416 majusmorti
579 2340 667 2396 decus
687 2339 799 2415 publica
812 2341 863 2398 fuit
885 2343 1023 2414 moestitic,
1044 2343 1079 2400 ed
1092 2353 1158 2400 aute

189 2416 458 2492 &omniainsignisp
474 2417 539 2492 qaia
564 2427 701 2480 matrona,
722 2430 836 2484 annum,
863 2429 893 2476 ut
915 2431 1066 2494 parentem,
1091 2439 1157 2478 eum

220 2492 358 2561 luxerunt,
384 2493 457 2569 qudd
481 2505 537 2552 tam
568 2513 634 2552 acer
658 2495 729 2552 ultor
755 2495 861 2552 violate
884 2495 1024 2571 pudicitiae
1050 2498 1178 2557 fuisset]

220 2570 336 2628 Consuli
356 2572 468 2645 deinde,
490 2573 537 2646 qui
549 2572 742 2647 superfuerat,
770 2573 815 2650 (ut
834 2585 899 2640 sunt
919 2575 1065 2634 mutabiles
1079 2576 1154 2654 vulgi

221 2648 319 2725 animi)
341 2650 496 2720 existumo,
522 2669 579 2708 non
602 2649 707 2706 invidia
731 2649 822 2723 modi,
848 2647 897 2710 sed
922 2653 1043 2728 suspicio
1068 2655 1153 2712 etiam

220 2742 283 2782 cum
311 2729 396 2784 atroci
419 2727 544 2793 crimine,
568 2738 636 2785 orta.
675 2727 809 2804 Regnum
832 2749 896 2786 eum
917 2729 1056 2802 affectare,
1080 2731 1155 2788 sama

185 2800 343 2870 &ferebam
363 2805 428 2878 quin
441 2823 494 2861 nec
507 2805 641 2880 collegam
655 2803 849 2882 subrogaverat
868 2808 897 2864 in
916 2808 1008 2864 locum
1021 2807 1109 2873 Bruti,
1123 2818 1153 2864 et

192 2919 196 2924 ,
220 2879 374 2938 aedificabat
396 2882 424 2938 in
445 2883 554 2940 summi
574 2883 674 2940 vetit:
708 2884 772 2942 “ibi
791 2885 845 2942 alto
868 2897 950 2958 atquc
970 2883 1077 2940 munito
1089 2883 1153 2942 loco

218 2959 237 2991 “
248 2975 340 3016 arcem
354 2959 595 3034 inexpugnabilem
612 2959 698 3016 sore.'’
737 2961 809 3020 Hoec
822 2963 897 3018 dicta
918 2958 1010 3035 vulgd,
1034 2961 1151 3019 credita·

217 3053 280 3110 que,
294 3055 379 3110 quum
393 3037 556 3112 indignitate
570 3049 711 3112 angerent
717 3040 839 3098 consulis
856 3038 990 3104 animum,
1004 3050 1101 3097 vocato
1114 3041 1150 3098 ad

216 3115 366 3172 concilium
379 3114 488 3190 populo,
502 3115 644 3174 submissis
658 3115 779 3174 fascibus
793 3117 821 3176 in
835 3115 999 3190 concionem
1012 3118 1148 3176 escenditt

183 3191 372 3250 curaremur
385 3192 554 3250 multitudini
568 3195 757 3268 spectaculum
771 3194 838 3262 fuit3
871 3192 1008 3252 submissa
1020 3195 1073 3254 sibi
1086 3215 1149 3254 csse

216 3267 323 3344 imperii
347 3270 482 3345 iusignia3
512 3269 770 3353 confessionemque
797 3271 908 3340 facturn,
933 3273 1036 3348 populi,
1063 3273 1148 3348 qudm

216 3347 345 3420 musulis,
372 3348 542 3422 majestatem
568 3347 675 3421 vimque
701 3349 832 3424 majorem
857 3367 927 3406 esse.
972 3351 1026 3410 Ubi
1051 3349 1147 3406 audire

214 3421 292 3499 jussi,
318 3425 416 3484 consul
441 3424 553 3482 laudare
580 3425 715 3484 fortunam
742 3424 863 3500 college,
890 3429 1001 3502 “qudd,
1029 3426 1147 3484 liberate

216 3501 235 3535 “
246 3503 339 3575 puris,
352 3503 381 3560 in
394 3521 503 3560 summo
515 3503 628 3569 honore,
649 3523 699 3578 pro
711 3503 854 3578 republicis
875 3505 1022 3576 dimicans,
1036 3503 1146 3562 maturi

180 3579 235 3626 Μ
244 3579 342 3654 glorii,
354 3599 408 3638 nec
421 3581 488 3638 dum
501 3599 531 3636 se
544 3590 667 3638 verteme
690 3581 719 3638 i'n
738 3581 879 3653 invidiam,
893 3593 1007 3640 mortem
1021 3581 1145 3640 occubu-

214 3658 234 3692 “
244 3655 327 3714 isset:
346 3677 378 3716 se
391 3658 565 3734 superstitem
577 3656 671 3732 glorie
685 3677 742 3716 suae
753 3657 787 3716 ad
801 3659 907 3716 crimen
920 3670 1001 3732 atque
1012 3657 1146 3718 invidiam

211 3736 233 3772 ‘⁴
242 3751 405 3811 superesse:
431 3755 467 3794 ea
479 3735 624 3794 liberatore
639 3735 734 3811 patri·
747 3736 783 3793 ad
807 3735 943 3811 Aquillios
960 3752 990 3790 se
1004 3733 1145 3794 Vitellios·
