2638 4206
177 365 231 424 ltt
572 357 733 411 rrrrurvrr

176 503 261 561 didita
301 499 451 560 “Falerios
463 521 492 559 se
506 499 534 560 ln
548 521 646 560 manus
665 502 800 559 Romanis
818 498 971 570 tradidisse,
985 497 1097 576 qnando

178 591 196 620 ‘⁶
207 601 254 638 eos
266 599 373 658 pueros,
387 599 501 655 quorum
512 591 638 654 parentes
648 581 738 654 capita
751 580 788 636 ibi
798 599 889 636 rerum
899 581 962 651 sint,
972 581 1000 637 in
1008 592 1096 655 potes·

178 668 197 696 ‘⁶
208 669 290 714 tatem
304 658 463 714 dediderit.'’
494 657 569 717 Qua
582 657 629 716 ubi
644 656 776 714 Camillus
786 657 897 723 audivit,
913 667 931 694 ‘⁶
940 657 1004 714 Non
1017 659 1051 714 ad
1060 660 1092 715 si·

178 745 196 771 “
207 735 328 802 milem‚’'
349 735 444 809 inquit,
460 736 526 792 “tui
540 755 593 792 uec
611 735 738 809 populum
753 753 805 790 neo
819 735 1016 812 imperatorem,
1038 755 1097 793 sce·

178 813 291 869 “lestus
314 813 381 887 ipss,
405 831 468 870 cum
490 813 605 870 scelesto
630 831 743 868 munere
769 812 875 868 venisti.
922 811 1094 872 Nobiscum
1116 831 1132 868 5¹

178 899 196 925 “
206 889 332 956 Faliscis,
346 909 406 963 que
419 905 500 964 pacto
520 890 549 946 fit
568 891 696 960 humano,
717 890 832 946 societas
852 908 905 947 non
926 901 984 946 est:
1015 909 1096 964 quam

179 967 377 1041 “ingeneravit
389 978 496 1034 natura,
519 968 639 1041 utrisque
660 979 710 1038 est,
730 967 843 1040 eritque.
894 969 964 1023 Sunt
982 979 1010 1023 et
1022 968 1096 1036 belli,

178 1045 278 1100 “sicut
289 1044 376 1119 pacis,
396 1044 476 1119 jura:
507 1045 631 1120 justeque
651 1063 693 1110 ea,
717 1063 772 1100 non
786 1045 880 1101 minus
892 1045 972 1118 quarn
987 1044 1097 1118 sortiter,

179 1121 354 1182 “didicimus
375 1139 478 1198 gerere.
531 1121 617 1179 Arma
646 1123 787 1192 habemus,
814 1138 869 1179 non
890 1123 1017 1178 adversus
1037 1141 1098 1180 eam

180 1207 323 1266 “etatem,
345 1199 389 1255 cui
403 1199 486 1256 etiam
500 1199 587 1273 captis
600 1199 712 1258 urbibus
734 1199 870 1273 parcitur3
900 1200 948 1254 sad
969 1200 1098 1257 adversus
1109 1215 1131 1256 ιο

180 1285 324 1333 “armatos
336 1287 365 1332 et
378 1277 458 1350 ipsos,
472 1276 528 1350 qui,
542 1294 595 1332 nec
609 1276 664 1332 laesi
676 1295 728 1332 neo
742 1276 860 1332 lacessiti
874 1295 890 1334 a
903 1277 991 1347 nobis,
1009 1289 1099 1334 castra

180 1352 335 1409 “Romana
355 1355 389 1408 ad
409 1353 493 1428 Vejos
505 1355 704 1442 oppugnirunt.
744 1352 852 1420 Postu,
873 1353 1005 1428 quantrlm
1030 1354 1098 1412 inte

180 1429 267 1496 “hrit,
286 1430 473 1487 novoscelere
496 1431 599 1488 vicisti:
632 1449 684 1505 ego
705 1431 839 1487 Romanis
862 1431 972 1501 artibus,
993 1431 1097 1502 virtute,

180 1516 297 1580 “opere,
312 1507 403 1579 armis,
419 1508 491 1565 sicut
510 1508 602 1582 Vejos,
623 1508 760 1566 vincam.”
799 1507 978 1565 Denudaturn'
999 1509 1098 1566 deiude

179 1603 250 1654 eum,
266 1585 392 1642 manibus
413 1597 474 1660 post
496 1595 603 1659 tergum
627 1585 745 1660 illigatis,
766 1586 953 1642 reducendum
977 1585 1131 1644 Faleriosra

178 1663 271 1735 pueris
290 1663 417 1730 tradidit3
450 1663 596 1737 virgasque
616 1663 664 1728 eis,
687 1663 786 1737 quibus
805 1663 970 1734 proditorem
988 1675 1100 1737 agerent

179 1737 208 1794 in
224 1739 327 1794 'urbem
352 1740 534 1810 verberantes,
555 1737 655 1794 dedit·
680 1740 724 1795 Ad
744 1740 815 1813 quod
829 1739 1015 1816 spectaculum
1035 1756 1101 1797 con·

179 1832 263 1871 eursu
287 1814 378 1890 populi
398 1815 511 1890 primum
534 1815 614 1881 lacto,
637 1817 738 1872 deinde
759 1835 776 1872 a
796 1817 997 1892 magistratibus
1017 1819 1051 1874 de
1070 1837 1099 1875 re

179 1893 248 1949 nord
263 1903 359 1950 vocato
371 1903 477 1960 senatu,
491 1903 567 1949 tanta
580 1895 694 1950 mutatio
708 1894 807 1950 animis
819 1907 861 1950 est
874 1895 984 1969 injecta,
999 1906 1037 1964 ut,
1050 1896 1096 1968 qui
1147 1898 1153 1954 '.

163 1968 270 2036 'modth
291 1970 395 2028 efferati
408 1970 471 2026 odio
484 1969 587 2044 itiaque,
610 1971 768 2046 Vejentium
792 1971 896 2030 exitum
920 1989 1007 2046 pene,
1020 1973 1134 2046 quamue

181 2046 362 2120 Capenatium
375 2065 484 2121 pacem,
495 2047 614 2116 mallent,
629 2048 700 2121 apud
723 2067 771 2104 eos
791 2063 886 2122 passm
905 2049 1030 2106 universa
1042 2069 1102 2124 pos·

181 2134 257 2180 caret
269 2124 372 2180 civitas.
413 2123 497 2181 Fides
519 2125 657 2195 Romana,
676 2125 779 2199 justitia
799 2125 974 2199 imperatoris,
995 2126 1024 2182 in
1044 2127 1102 2184 loro

181 2209 209 2256 at
228 2201 306 2257 curiis
322 2201 512 2269 celebrantem
542 2220 730 2277 consensuque
749 2203 871 2259 omnium
894 2204 975 2276 legati
996 2204 1030 2260 ad
1050 2204 1103 2260 Ca-

180 2277 287 2334 millum
300 2279 328 2334 in
342 2293 440 2343 castra,
465 2289 544 2352 atque
558 2277 622 2335 inde
641 2280 774 2354 permissu
796 2280 904 2337 Oamilli
925 2281 1045 2337 Romam
1066 2283 1099 2338 ad
1146 2285 1148 2290 '

180 2367 317 2422 senatum,
331 2357 377 2430 qui
391 2357 522 2412 dederent
543 2356 673 2422 Falerios,
693 2357 910 2431 proficiscuntur.
950 2357 1135 2415 Introduotiu

182 2432 217 2487 ad
230 2444 354 2490 senatum
369 2433 406 2489 ita
419 2433 502 2490 locuti
516 2434 675 2489 traduntur:
716 2443 734 2470 ‘⁸
743 2433 837 2489 Patres
850 2435 1007 2508 conscripti,
1020 2436 1104 2492 victo·
1152 2492 1157 2502 ,

184 2517 202 2547 “
212 2509 261 2580 rii,
274 2511 320 2566 cui
331 2529 384 2566 nec
398 2510 475 2565 Deus
487 2528 540 2565 nec
554 2510 634 2565 homo
647 2511 788 2584 quisquam
808 2510 935 2579 inrideat,
950 2511 1015 2568 victi
1029 2531 1046 2568 a
1058 2531 1103 2569 to-
1152 2509 1161 2583 l

184 2594 202 2620 ‘⁶
211 2585 253 2640 bis
267 2597 294 2642 st
307 2587 466 2660 imperatore
481 2597 577 2652 vestro,
592 2587 718 2644 dedimus
728 2606 778 2644 nos
790 2587 881 2654 vobis3
895 2588 945 2644 rati
957 2588 1025 2664 (quo
1033 2589 1100 2645 nihil
1153 2584 1159 2599 ⁴

184 2669 202 2700 ‘⁶
212 2662 306 2719 victori
319 2663 459 2737 pulchrius
472 2663 524 2739 est)
544 2663 646 2721 melitis
659 2683 708 2721 nos
721 2665 771 2720 sub
785 2664 898 2738 imperio
911 2676 1010 2738 vestro,
1021 2665 1103 2740 quim

184 2738 319 2813 “legibus
332 2741 440 2806 nostris,
454 2741 580 2797 victuros.
619 2739 727 2798 Eventu
751 2737 833 2816 hujus
852 2742 915 2798 belli
930 2743 985 2799 duo
1004 2745 1139 2800 saluta-³⁰

184 2825 202 2852 ‘⁴
211 2816 251 2872 ria
263 2818 387 2892 exempla
406 2817 512 2893 prodita
533 2818 656 2875 humano
675 2818 770 2893 generi
790 2829 861 2875 sunt.
900 2820 959 2876 Vos
971 2820 1054 2879 hdern
1074 2821 1105 2877 in·

184 2903 203 2930 “
211 2893 292 2965 bello,
305 2895 386 2969 quim
400 2905 560 2970 presentem
573 2895 724 2963 victoriam,
738 2895 886 2952 maluistis:
906 2916 964 2966 nos,
979 2896 1032 2953 fide
1044 2917 1105 2972 pro·
1158 2891 1164 2898 ’

186 2972 309 3038 “vocati,
322 2973 461 3032 victoriam
482 2972 551 3028 ultro
570 2973 726 3030 detulimus.
768 2973 826 3032 Sub
839 2974 943 3032 ditione
960 2975 1048 3030 vostri
1061 2991 1105 3031 au·

186 3056 282 3106 “urus
323 3050 434 3116 Mittite,
447 3049 493 3124 qui
508 3067 591 3120 arma,
611 3050 657 3123 qui
680 3049 798 3118 obsides,
823 3050 870 3123 qui
883 3051 977 3108 urbem
989 3050 1105 3122 patenti·

185 3131 204 3160 “
215 3123 266 3180 bns
285 3128 367 3198 portis
380 3127 525 3201 accipiant.
564 3127 627 3184 Nec
641 3146 687 3184 vos
706 3125 770 3184 fidei
790 3138 899 3198 nosue,
914 3145 972 3190 ‚nec
991 3143 1042 3184 nos
1054 3125 1140 3182 ini-³⁵

186 3209 204 3236 ‘⁶
212 3201 279 3274 perii
293 3205 382 3274 vestri,
396 3203 567 3278 poenitebitfl
605 3203 723 3267 Camillo
736 3214 763 3260 et
776 3204 810 3266 ab
829 3203 951 3262 hostibus
970 3213 998 3259 et
1011 3222 1027 3262 a
1039 3203 1105 3261 civi·
1152 3225 1154 3230 ·

185 3277 237 3337 bus
249 3279 343 3353 graue
357 3293 434 3341 actae.
472 3281 596 3350 Faliscis,
610 3281 639 3343 in
652 3281 818 3354 stipendium
827 3281 943 3342 militurn
956 3280 1016 3355 ejus
1029 3281 1104 3354 anni,

186 3366 215 3414 ut
240 3357 355 3430 populus
380 3358 523 3418 Romaim
548 3358 648 3416 tributo
673 3369 789 3428 vacarat,
818 3359 936 3433 monuit
964 3359 1104 3432 inperata

186 3432 260 3494 Pace
274 3435 346 3501 dats,
359 3436 495 3496 enercitus
509 3435 627 3495 Romam
641 3435 778 3500 reductus.

224 3588 366 3649 XXVIII.
400 3589 542 3661 Camillus,
567 3589 680 3648 meliora
701 3589 789 3656 multd
811 3589 901 3658 lauda,
921 3588 1003 3666 quita
1022 3603 1139 3666 ouumu

186 3665 400 3740 triumphantem
421 3666 475 3722 albi
495 3686 543 3742 per
556 3666 658 3724 Urbem
672 3679 801 3730 venerant
813 3669 885 3742 equi,
905 3669 1020 3745 insignis
1030 3670 1107 3745 justi·

187 3741 226 3803 ut
239 3741 358 3818 fideque,
372 3744 493 3803 hostibus
507 3745 598 3818 victis,
616 3763 700 3818 quum
713 3745 741 3808 iu
754 3745 858 3810 Urbem
879 3747 1004 3816 redisset.
1024 3745 1106 3811 taciti
