2622 4194
170 307 210 383 59
560 301 627 366 urii
644 311 725 366 civit

170 455 351 528 lmpplmveriiltt
360 457 389 508 ab
400 473 437 516 eo,
448 465 473 508 ut
485 460 609 506 recederet.
641 449 683 506 tex
692 461 769 516 amru
778 463 862 516 primun
870 463 955 506 lauert.
980 457 1107 517 saecun

170 523 280 582 contuleris
289 520 309 562 re'
323 523 342 560 nl
351 521 432 562 erimine
440 523 543 578 damnatus
549 526 587 578 ert,
597 529 679 564 noento·
693 536 724 564 ue.
749 525 820 584 Qppia,
834 525 889 584 virge
904 525 1000 584 Vestitu,
1009 527 1034 566 ob
1043 526 1108 566 inesse

170 581 213 614 tum
222 583 267 611 riva
275 571 299 609 do
307 582 352 609 osee
361 578 399 610 ert.
424 571 492 613 Quum
501 565 559 608 vrelru
569 572 635 611 horter
653 574 746 623 VeJeutee
758 575 874 613 incommodi
890 585 952 624 mugra
967 577 1026 624 qudm
1034 587 1103 624 gravet

169 628 243 670 ment,
250 620 326 678 familie
334 619 439 659 Fabiorum
446 619 466 658 id
475 619 547 658 bellum
555 620 660 680 gerendurp
668 623 782 680 depoppeelt
791 635 797 672 3
805 622 896 680 misitque
906 622 926 661 iu
935 623 954 661 id
964 629 1060 680 trecentos
1069 635 1104 663 ees

168 676 263 718 erman»,
272 681 306 726 qur
314 669 339 707 ad
347 669 459 708 Cremeram
466 669 490 706 cd
499 673 560 708 udum
567 669 689 756 ebpbprbrtt
695 683 739 710 cerr
747 671 1017 759 '⁰⁰²³f222ssiffi‘ss,ii‘mi
1025 673 1102 759 rolppto.

167 715 803 854 {bgttlaffttti,ttttttt⁰ttt,lemtim
994 733 1020 769 ”⁰
1070 733 1103 760 ‘¹¹¹¹

167 826 180 853 e
232 827 288 865 quoe,
303 827 314 852 a

752 780 773 808 er
787 774 881 818 preterca
894 769 997 808 advenum
1030 770 1106 820 circos,

362 815 438 865 ojenter
465 820 486 854 et
500 814 605 868 reditione·
621 816 672 856 inte'r
688 817 757 858 Patres
781 817 895 867 plebemque
913 817 1008 858 eontinet,
1042 819 1102 870 [cir.

168 873 254 904 ¹''L1'e
279 869 300 904 ο·
310 841 453 904 01945*ἳ8ἀι
478 861 662 918 ⁴020w7*m]
738 889 740 894 '

205 1020 229 1085 Ι,
263 1021 370 1088 Lracar
388 1020 446 1102 jam
466 1021 533 1082 hino
553 1013 645 1102 popuii
669 1025 792 1085 Romani
815 1043 868 1094 res,
892 1043 962 1102 pace
975 1026 1136 1102 belloque‘qt

166 1114 267 1180 gestas,
294 1123 400 1160 annuos
425 1103 608 1178 magistratus,
634 1105 800 1180 imperiaque
826 1103 918 1180 legum
949 1100 1128 1179 potentiorai
1185 1119 1186 1127 ¹

167 1182 250 1257 quam
271 1183 423 1251 hominum,
444 1196 582 1258 peragam·
622 1183 697 1244 Quae
723 1185 834 1240 libertas
860 1193 890 1239 ut
909 1183 1000 1239 laetioc
1018 1187 1133 1264 esset&

166 1259 282 1335 proximi
296 1260 368 1334 regis
381 1259 509 1333 superbia
523 1261 645 1317 feceret:
675 1280 740 1318 nam
762 1261 866 1338 priores
887 1261 924 1318 ita
938 1261 1098 1337 rogaturum,

167 1347 197 1394 ut
210 1338 284 1394 haud
297 1337 433 1394 immeritd
445 1356 543 1394 omnes
556 1339 688 1414 deinceps
712 1339 868 1396 conditores
891 1338 1009 1413 partium
1023 1342 1098 1396 certe
1114 1329 1127 1416 ξ

166 1416 250 1486 urbis,
264 1435 332 1490 quas
345 1434 429 1472 novas
443 1414 494 1488 ipsi
507 1417 587 1472 sedes
608 1417 643 1472 ab
656 1437 686 1472 se
700 1428 788 1474 auctae
803 1416 972 1473 multitudini
986 1417 1098 1473 eddide·
1113 1422 1119 1433 ‘

126 1487 128 1500 '
164 1491 239 1560 runt,
253 1507 447 1550 numerentur:
468 1511 558 1568 neque
572 1495 729 1570 ambigitur,
744 1495 810 1570 quin
824 1495 925 1550 Brutus
939 1494 1022 1562 idem,
1047 1495 1093 1568 qui
1106 1527 1132 1560 ρ,

164 1569 271 1628 tantum
284 1570 387 1646 gloriae,
402 1569 527 1645 Superbo
547 1585 646 1630 exacto
659 1592 734 1650 rege,
755 1573 864 1638 meruit,
878 1572 997 1646 pessimo
1009 1573 1099 1648 publi·
1157 1583 1160 1588 '

164 1661 199 1705 oo
212 1650 240 1705 id
255 1649 377 1706 facturus
390 1649 481 1716 luerit,
505 1651 529 1707 si
545 1651 684 1707 libertatis
706 1652 860 1708 immaturae
883 1649 1014 1723 cupidine
1028 1651 1101 1724 prio*

164 1745 227 1784 rum
239 1747 335 1803 regum
350 1726 433 1782 alicui
456 1745 573 1802 regnum
587 1729 753 1786 extorsisset.
792 1728 873 1788 Quid
886 1728 961 1783 enim
976 1727 1097 1784 futurum
1108 1749 1132 1788 ro
1166 1743 1169 1756 ¹

163 1803 225 1876 fuit,
248 1806 271 1861 si
295 1805 342 1862 illa
363 1815 503 1880 pastorum
525 1825 764 1880 convenarumque
786 1805 874 1880 plebs,
900 1806 1041 1881 transfuga
1063 1825 1099 1864 ex

162 1884 221 1942 suis
234 1884 350 1959 populis,
374 1883 426 1940 sub
449 1885 536 1942 tutelis
558 1883 678 1942 inviolati
702 1883 796 1958 templi
818 1895 865 1940 aut
883 1881 1036 1940 libertatem
1051 1895 1099 1944 aut

162 1963 238 2020 certe
250 1963 442 2036 impunitatem
456 1963 563 2037 adepta,
579 1962 667 2019 solnta
682 1963 759 2037 regio
777 1972 862 2032 metu,
885 1961 981 2036 agitari
1005 1973 1099 2036 coepta

162 2045 236 2098 esset
248 2041 406 2096 tribuniciis
418 2040 565 2116 procellis3
592 2051 621 2098 et
639 2041 668 2096 iu
692 2037 783 2096 alieni
805 2040 872 2096 urbe
891 2057 955 2095 cum
970 2039 1098 2096 Patribus

163 2137 254 2176 serere
275 2118 437 2190 certamina,
461 2119 620 2194 priusquam
641 2119 757 2194 pignore
777 2118 929 2194 conjugum
945 2135 978 2174 ac
999 2117 1130 2176 libero-15

150 2215 233 2264 ¹rrrm,
247 2197 401 2270 caritasque
420 2196 505 2271 ipsius
525 2198 585 2269 soli,
609 2197 656 2254 cui
677 2197 760 2272 longo
782 2206 905 2270 tempore
919 2195 1095 2264 assuescitur,

162 2276 269 2354 animos
282 2293 377 2331 eorum
392 2275 598 2332 consociasset?
638 2275 784 2350 Dissipetae
798 2293 842 2332 res
855 2274 978 2330 nondum
996 2273 1096 2330 adulte

162 2353 301 2412 discordis
325 2353 429 2421 forent3
460 2373 527 2427 quas
548 2354 614 2410 sorit
634 2353 780 2426 tranquilla
800 2349 1095 2426 moderatio'imperii,

161 2430 252 2504 eoque
261 2431 408 2496 nutriendo
419 2431 554 2504 perduxit,
565 2444 595 2489 ut
603 2431 703 2488 bonam
718 2427 824 2504 frugem
834 2429 967 2486 libertatis
981 2429 1095 2488 maturis

157 2508 217 2584 jam
231 2508 333 2565 viribus
347 2508 417 2564 serre
430 2518 549 2582 possent.
589 2507 738 2568 Libertatis
759 2520 851 2566 autem
874 2507 1009 2582 originem
1030 2507 1129 2566 indeao

150 2587 259 2661 magis,
274 2585 338 2660 quia
352 2603 475 2642 annuum
489 2587 634 2662 imperium
656 2587 800 2644 consulare
824 2587 928 2644 fectum
946 2599 997 2652 est,
1012 2584 1096 2660 quiem
1114 2624 1116 2630 ι

180 2661 234 2723 uod
248 2663 420 2720 deminutum
435 2664 584 2739 quidquam
598 2665 633 2721 sit
653 2685 689 2722 ex
709 2665 784 2740 regib
798 2675 941 2744 potestate,
956 2683 1094 2720 numeres.

157 2683 265 2815 iimtssa
281 2742 353 2817 juta,
373 2743 467 2800 omnia
494 2742 615 2818 insignia
637 2743 718 2818 primi
737 2743 864 2800 consules
887 2744 1010 2798 tenuere.
1061 2741 1095 2801 Id

81 2813 369 2895 ’Ἢῇῐρἀόωυῑυηῑ
382 2831 433 2888 est,
457 2840 504 2888 ne,
525 2822 547 2878 si
562 2821 643 2881 ambo
664 2821 754 2882 fasces
774 2821 918 2892 haberent,
939 2821 1095 2897 duplicatus

159 2889 246 2957 tiliior
260 2900 407 2956 videretur.
447 2898 549 2956 Brutus
569 2900 651 2976 prior,
666 2901 839 2956 concedente
863 2899 981 2973 collegia,
1006 2899 1129 2956 lascesas
1196 2907 1201 2914 '

158 2979 273 3038 habuit:
294 2977 341 3052 qui
355 2995 410 3034 nou
425 2977 513 3034 acrior
528 2979 629 3034 vindex
640 2977 775 3036 libertatis
787 2977 884 3044 iuerat,
896 2995 977 3050 quam
991 2977 1094 3032 deinde

158 3066 252 3112 custos
266 3055 325 3112 suit.
366 3055 500 3116 Omnium
514 3057 633 3130 primum
647 3057 758 3114 aridum
772 3069 849 3113 nerra
863 3053 995 3110 libertatis
1010 3071 1096 3126 popu·

157 3133 225 3199 ium,
240 3151 275 3190 ne
288 3135 462 3207 postmodum
476 3133 550 3190 flecti
573 3134 702 3209 precibus
726 3145 773 3190 aut
796 3133 876 3189 donis
894 3131 977 3206 regiis
991 3141 1091 3205 posset,

154 3207 334 3288 jurejurando
348 3211 450 3288 adegit,
464 3211 604 3270 neminem
619 3213 718 3269 Romae
731 3230 858 3286 passuros
872 3227 996 3284 regnare.
1036 3207 1096 3264 Dee

156 3291 233 3362 inde,
254 3287 309 3364 qud
332 3289 395 3363 plus
415 3290 514 3361 uirium
540 3290 569 3348 iu
596 3298 694 3348 seuatu
715 3287 868 3364 frequentia
891 3287 974 3344 etiam
987 3285 1128 3344 ordinisao

156 3369 270 3436 faceret,
294 3368 419 3424 caedibue
435 3367 508 3444 regie
531 3369 705 3426 deminutum
728 3367 839 3426 Petrum
863 3383 1019 3437 numerum,
1040 3364 1094 3440 pri-

156 3445 280 3508 moribus
299 3445 434 3519 equestris
455 3445 555 3520 gradus
578 3445 667 3512 leotiS,
691 3446 725 3504 ad
747 3455 934 3502 trecentorum
955 3461 1093 3500 summam

156 3524 294 3612 expleritr
314 3523 500 3602 traditumque
514 3514 579 3580 inde
588 3523 683 3596 sertur,
694 3533 725 3581 ut
738 3523 767 3582 iu
777 3533 905 3580 senatum
918 3531 1092 3594 vocarentur,

154 3617 204 3674 qut
217 3599 322 3669 Patres,
336 3599 437 3674 quique
451 3601 600 3736 conscripti
623 3612 733 3662 essent:
763 3602 938 3675 conscriptos,
952 3599 1105 3664 videlicet,.

152 3672 441 3736 itr‘uorumseuatutn
455 3679 562 3752 appella
582 3690 630 3740 eut
650 3678 748 3740 lectos.
786 3677 821 3736 Id
843 3677 943 3737 mirum
976 3675 1128 3742 uantdmaa
1159 3687 1162 3694 “

175 3753 259 3890 {notul}
271 3755 306 3816 ad
319 3753 499 3820 concordiem
520 3755 648 3825 ciuitatis,
667 3757 880 3838 juuqeadcaqae
893 3697 1023 3836 Patrius
1035 3753 1092 3832 pte-

212 3845 328 3890 tnmos.
1089 3861 1091 3871 2
