2622 4194
181 369 202 430 a
555 363 716 416 mmmvu

183 507 293 582 virique,
304 516 333 564 et
351 505 471 564 snimnm
484 504 526 562 rel
539 505 609 564 bello
621 507 662 564 rel
675 507 736 582 psci
756 518 886 583 puratum,
900 508 1010 568 dexteri
1022 509 1087 568 duit

182 583 373 652 fidem,sutmoe
386 583 511 640 amicitie
524 584 663 641 sanxisse:
682 585 746 642 iude
759 585 847 642 soedus
858 586 942 644 ictum
955 587 1025 644 inter
1037 589 1088 644 du·
1124 603 1127 662 ᾖ

182 679 239 726 ces,
253 661 323 718 iuter
335 660 469 718 exercitus
482 661 669 717 salutationem
682 661 796 719 saetam:
810 663 919 720 AEneau
929 664 1001 738 apud
1014 664 1087 721 Leti·
1123 671 1127 714 ῖ

181 755 249 795 num
269 737 351 794 fuisse
373 738 401 794 iu
424 737 553 810 hospitio:
581 737 618 793 ibi
637 737 764 795 Latinum
784 739 855 813 opud
874 739 990 798 Penates
1012 741 1086 798 Deos

182 815 361 872 domesticum
372 813 482 888 publico
494 814 647 888 udjuuxisse
667 815 763 883 foedus,
777 815 833 872 sitit
845 817 941 874 AEneae
955 817 982 875 in
996 818 1107 876 matri-o

181 892 304 949 monium
316 891 387 948 dats.
426 890 469 948 Eu
486 909 529 946 res
543 891 635 964 utique
654 891 782 967 Troianis
801 912 875 968 spem
895 895 1008 951 affirmet
1027 904 1086 951 ten·

181 969 244 1026 dem
257 968 345 1025 stabili
358 967 485 1040 certique
504 969 568 1024 sede
587 967 699 1025 finiendi
721 970 825 1027 erroris.
864 971 1001 1045 Oppidum
1020 990 1086 1028 oon·

180 1046 258 1103 dunt.
297 1045 402 1102 AEnees
414 1045 447 1100 ab
460 1045 569 1101 nomine
582 1045 672 1102 uxoris
682 1045 825 1104 Lavinium
843 1049 966 1122 appellnt.
1004 1048 1084 1106 Brevi

181 1123 260 1196 stirps
278 1140 383 1196 quoque
403 1121 485 1178 virilis
504 1139 538 1177 ex
560 1139 629 1179 novo
650 1124 820 1182 matrimonio
839 1125 906 1193 suit3
934 1125 979 1184 oui
999 1127 1085 1182 Ascu-

180 1199 256 1258 nium
268 1209 394 1276 parentes
406 1197 499 1255 dixere
511 1215 620 1256 nomeu.
1093 1218 1117 1258 m

217 1355 256 1412 II.
288 1355 365 1414 Bello
389 1355 489 1424 deiude
515 1354 679 1429 Aborigines
705 1355 871 1431 Troianique
897 1355 976 1413 simul
998 1356 1083 1431 petiti.

128 1433 130 1452 ¹
180 1434 301 1506 Turnus,
315 1452 362 1490 rex
375 1433 546 1503 Rutulorum,
560 1433 606 1489 cui
624 1443 704 1506 pactu
724 1432 837 1490 Lavinis
856 1447 918 1490 ente
939 1435 1083 1491 adrentum

178 1511 277 1569 AEneae
298 1511 392 1580 suerat,
406 1509 543 1584 prrelatum
564 1509 615 1565 sibi
636 1509 767 1566 advenum
787 1509 858 1584 aegrd
871 1511 983 1584 patiens,
1004 1511 1083 1566 simul

179 1588 276 1645 AEneae
289 1588 439 1662 Latinoque
452 1587 553 1643 bellum
567 1587 699 1644 intulerat.
738 1585 844 1642 Neutra
854 1588 926 1643 ecies
936 1587 997 1644 lietu
1007 1606 1040 1643 ex
1050 1606 1084 1644 eo

178 1665 326 1720 certamine
339 1665 404 1720 abiit
413 1683 427 1734 :¹
439 1664 503 1720 victi
517 1664 629 1721 Rutuli:
648 1664 763 1720 victores
783 1663 946 1738 Aborigines
959 1665 1083 1739 Trojani·
1092 1683 1115 1724 rs

178 1759 230 1814 que
244 1741 341 1796 ducem
356 1739 483 1797 Latinum
497 1741 620 1797 emisere.
658 1738 727 1796 Inde
741 1740 853 1797 Turnus
864 1741 1022 1816 Rutulique,
1034 1742 1084 1798 dis·

177 1817 220 1874 fisi
240 1817 330 1883 rebus,
356 1818 389 1873 ed
415 1817 541 1874 florentes
559 1817 734 1873 Etruscorum
759 1835 824 1892 opes
849 1817 1081 1892 Mezentiumque,
1176 1830 1181 1843 ⁴

177 1911 270 1951 eorum
288 1913 389 1969 regem,
403 1894 578 1968 confugiunt;
598 1894 653 1967 qui,
667 1893 745 1950 Caere
763 1895 890 1968 opulento
909 1905 965 1951 tum
984 1896 1083 1968 oppido
1127 1921 1138 1982 p

176 1969 343 2046 imperitans,
363 1971 419 2046 jam
439 1970 502 2027 iude
522 1970 557 2026 eb
577 1971 653 2026 initio
671 1971 781 2027 minime
801 1971 877 2028 laetus
890 1990 964 2028 novae
977 1972 1082 2046 origiue

176 2050 259 2119 urbis,
280 2059 307 2105 et
326 2059 384 2104 tum
400 2046 484 2104 nimid
503 2046 570 2121 plds,
590 2046 671 2120 quim
690 2048 755 2103 setis
773 2057 860 2106 tutum
880 2060 951 2104 esset
970 2049 1114 2116 occulique

175 2146 234 2185 rem
257 2126 405 2201 Trojunam
425 2143 547 2181 crescere
566 2136 649 2191 ratus,
672 2125 745 2181 haud
765 2125 894 2199 gravatim
914 2126 989 2182 socia
1007 2143 1081 2182 erma

176 2203 290 2272 Rutulis
306 2203 403 2278 junxit.
443 2201 555 2271 AEueas,
578 2203 704 2258 adversus
723 2201 791 2258 tanti
810 2201 873 2259 belli
892 2213 1028 2270 terrorem,
1051 2211 1081 2258 ut
1131 2277 1133 2280 Ι

171 2283 282 2342 animos
308 2280 488 2355 Aboriginum
514 2279 565 2334 sibi
591 2279 757 2344 conciliaret,
778 2297 812 2334 ne
832 2280 882 2334 sub
904 2280 999 2334 eodem
1020 2279 1081 2352 jure
1129 2281 1140 2350 j,

172 2361 269 2432 solum,
284 2359 333 2416 sed
352 2358 434 2414 etiam
453 2357 572 2421 nomine,
585 2374 679 2411 omnes
698 2365 798 2420 essent,
811 2353 923 2410 Latinos
942 2364 1081 2428 utramque
1134 2365 1136 2370 ’

173 2450 284 2517 gentem
294 2435 445 2509 appellavit.
484 2431 545 2486 Neo
559 2430 657 2485 deinde
671 2429 835 2503 Aborigines
848 2430 974 2504 Trojanis
994 2433 1114 2488 studiose

172 2537 207 2582 sc
220 2517 273 2574 fide
287 2529 354 2587 erga
366 2525 457 2583 regem
471 2507 579 2564 AEnean
592 2505 715 2562 cessere:
730 2506 864 2580 fretusque
874 2508 916 2562 bis
926 2508 1024 2564 animis
1037 2527 1082 2566 co·

170 2592 350 2660 plascentium
366 2586 394 2642 in
408 2585 466 2640 dies
479 2583 565 2657 magis
574 2583 688 2639 duorum
701 2583 856 2657 populorum
868 2584 979 2655 AEneas,
990 2604 1082 2659 quam-

172 2694 253 2750 quem
274 2679 349 2727 tantu
362 2662 459 2740 opibus
478 2660 586 2717 Etruria
604 2669 670 2730 emt,
684 2671 713 2717 ut
733 2661 788 2735 jem
807 2679 862 2717 non
882 2672 965 2718 terres
985 2661 1081 2734 solium,

172 2753 221 2810 sed
233 2768 307 2809 mere
328 2743 409 2800 etium
431 2755 478 2814 per
497 2747 580 2793 totam
599 2736 684 2792 Italiae
697 2737 902 2812 longitudinem,
916 2739 951 2794 ab
965 2739 1081 2813 Alpibus

172 2832 208 2889 ad
234 2829 331 2886 fretum
351 2817 487 2886 Siculum,
513 2814 585 2870 fami
607 2813 723 2870 nominis
750 2814 791 2870 sui
817 2815 961 2888 implesset,
980 2828 1112 2888 tamen,so

173 2925 255 2984 quum
275 2902 411 2963 moeuibus
431 2892 532 2951 bellum
551 2891 704 2964 propulsare
723 2901 821 2964 posset,
835 2891 863 2947 iu
883 2893 969 2948 eciem
989 2894 1081 2967 copias
1179 2888 1183 2898 ’

173 2985 275 3042 eduxit
314 2975 474 3038 Secundum
502 2968 567 3027 inde
585 2967 709 3042 proelium
727 2967 849 3037 Latinis3
877 2969 973 3026 AEneae
999 2971 1080 3026 etiam

172 3062 300 3119 ultimum
318 3074 430 3132 operum
457 3044 611 3106 mortalium
631 3044 696 3100 luit:
723 3044 790 3100 situs
815 3055 864 3116 est,
884 3064 1080 3119 quemcumque

172 3159 238 3197 eum
256 3136 312 3194 dici
328 3135 373 3210 jus
392 3133 555 3206 fasquetest,
569 3139 649 3196 super
667 3120 825 3178 Numicium
837 3121 946 3180 flumen.
985 3122 1080 3180 Jovem

174 3217 328 3292 Indigetem
344 3210 485 3286 appellunt.
1087 3212 1112 3253 ὅ

610 3319 617 3342 b

219 3371 275 3430 ΙΙΙ.
304 3365 433 3426 Nondum
453 3374 573 3422 maturus
592 3353 705 3434 imperio
724 3354 871 3420 Ascanius,
885 3354 981 3412 AEneae
1000 3353 1079 3424 lilius,

176 3461 248 3510 eretz
268 3459 359 3506 tumen
371 3444 399 3500 id
418 3440 560 3516 imperium
579 3437 606 3494 ei
625 3435 660 3492 ud
679 3433 810 3508 puberem
823 3442 928 3489 etatem
945 3430 1080 3488 incolume

178 3527 293 3588 mansit:
313 3521 441 3594 tantisper
462 3517 547 3575 tuteli
559 3511 683 3572 muliebri
698 3509 786 3585 (tante
804 3509 908 3566 indoles
924 3509 953 3565 in
966 3508 1081 3566 Lavinib

177 3606 248 3680 erut)
261 3621 304 3662 res
317 3599 415 3658 Latine
426 3606 454 3652 et
466 3611 579 3670 regnum
592 3591 692 3648 unitum
701 3598 896 3663 paternumque
905 3603 988 3660 puero
998 3586 1078 3643 stetit.

179 3681 262 3744 Haud
275 3678 342 3737 nibil
355 3674 488 3750 umbigum
503 3671 574 3746 (quis
586 3668 659 3728 enim
672 3683 729 3722 rem
748 3675 803 3722 tum
816 3675 934 3721 veterem
946 3682 993 3737 pro
1005 3671 1111 3720 certost
1168 3695 1169 3701 κ

180 3756 342 3834 offirmett),
366 3751 475 3811 hiccine
500 3747 580 3808 luerit
598 3743 743 3826 Amemus,
763 3761 799 3800 an
823 3740 908 3818 major
925 3741 1005 3816 quim
1024 3739 1079 3812 bic,
