2622 4194
2 788 44 870 B

513 373 516 384 ”
542 369 642 426 uultu
659 371 693 426 11.
712 381 773 425 atr.
784 387 808 424 x.
1097 369 1136 432 65

165 541 166 557 ¹
206 525 255 590 rta,
274 525 303 576 et
321 511 354 576 ad
367 509 533 578 frumentum
556 511 770 593 comparandum
790 509 875 584 missi,
894 509 941 590 alii
960 509 989 573 in
1009 509 1136 585 Volscos,

213 597 261 654 etii
275 597 382 654 Cumas.
423 595 496 652 Salis
508 607 614 670 quoque
628 589 764 652 vendendi
785 593 935 664 arbitrium,
948 592 1013 668 quia
1031 587 1138 672 impen-

214 693 245 732 so
264 674 348 750 pretio
372 673 492 740 venibat,
518 675 547 730 in
568 671 711 748 publicum
735 671 812 731 omni
838 681 955 746 sumptu,
978 671 1137 746 ademptum

186 804 189 808 .
213 751 328 826 privatis.
368 745 551 826 Portoriisque
565 762 593 809 ct
605 751 707 808 tributo
728 751 822 825 plebes
842 749 967 815 liberata,
989 757 1020 805 ut
1039 747 1137 809 divites

181 823 205 885 '²⁵
213 828 375 900 conferrent,
389 829 435 905 qui
449 830 525 886 oneri
539 829 653 886 ferendo
666 838 775 885 essent:
803 841 937 902 pauperes
957 825 1023 882 satis
1036 824 1137 900 stipen-

208 904 245 962 dii
259 907 393 980 pendere,
417 907 440 963 si
452 907 553 963 liberos
566 907 727 963 educarent.
767 904 863 978 Itaque
884 905 945 960 haee
965 902 1138 977 indulgentia

206 981 330 1056 Petrum,
358 984 459 1060 asperis
482 984 656 1059 postmodum
678 982 761 1040 rebus
787 982 815 1039 in
836 980 978 1039 obsidione
1000 998 1033 1036 ac
1054 979 1136 1052 same,

205 1059 277 1116 adeb
304 1063 470 1119 concordem
496 1061 634 1118 civitatem
656 1061 754 1127 tenuit,
779 1068 809 1116 ut
829 1059 935 1134 regium
955 1074 1057 1115 nomen
1080 1071 1136 1114 non

177 1193 182 1218 l
205 1138 306 1194 summi
320 1139 408 1214 magis
425 1141 509 1214 quant
530 1135 617 1196 infimi
640 1139 782 1196 horrerent
789 1157 797 1206 ;
827 1155 881 1194 nec
901 1135 1041 1211 quisquam
1064 1151 1136 1191 unus

174 1229 198 1267 ro
208 1214 286 1270 malis
306 1217 408 1272 artibus
428 1225 523 1291 postea
543 1227 600 1272 tam
620 1215 857 1293 populariskesset,
878 1213 961 1288 qualm
985 1223 1043 1269 tunt
1065 1213 1136 1270 bene

206 1288 368 1366 imperando
380 1294 524 1350 universus
537 1303 648 1350 senatus
658 1293 717 1349 suit.

243 1445 282 1502 X.
315 1443 414 1508 Quum
427 1449 518 1505 hostes
532 1447 667 1520 adessent,
688 1440 737 1524 pro
757 1467 786 1506 se
806 1441 920 1524 quisque
941 1441 970 1504 lu
991 1439 1087 1503 'urbem
1100 1457 1136 1502 ert

131 1549 135 1554 ·
204 1523 279 1597 agris
289 1525 461 1600 demigrant:
491 1513 587 1583 urbem
609 1526 695 1600 ipsam
708 1527 818 1601 sepiunt
829 1525 979 1601 praesidiis3
1010 1523 1136 1580 aliamu-

204 1602 249 1670 ris,
263 1601 317 1658 alia
330 1603 427 1660 Tiberi
440 1603 548 1680 objecto
562 1603 725 1660 ridebantur
738 1614 805 1660 tuta.
845 1603 918 1660 Pons
936 1601 1070 1658 sublicius
1083 1601 1135 1658 iter

137 1733 140 1744 ,
172 1673 195 1732 is
204 1697 280 1751 paene
295 1680 418 1736 hostibus
431 1679 523 1737 dedit*
556 1681 585 1738 ni
604 1682 677 1737 udus
698 1681 737 1737 vir
758 1675 862 1751 fuisset,
877 1680 1009 1738 Horatius
1023 1678 1133 1751 Cocles,

204 1753 244 1829 (id
258 1758 460 1831 munimentum
487 1725 533 1816 illo
559 1757 604 1816 die
630 1759 740 1834 fortuna
765 1756 840 1815 urbis
860 1757 996 1815 Romane
1022 1757 1132 1835 habuit)

201 1832 258 1906 qui,
271 1836 375 1909 positus
389 1834 457 1892 forte
471 1836 500 1892 in
514 1837 631 1894 statione
645 1837 744 1912 pontis,
765 1855 849 1911 quum
863 1847 973 1911 captum
988 1834 1133 1909 repentino

201 1911 303 1984 impetu
317 1912 487 1985 Ianiculum,
509 1925 590 1988 atque
611 1915 676 1970 inde
697 1914 795 1971 citatos
815 1915 962 1970 decurrere
985 1911 1133 1969 hostesri·

201 1987 294 2056 disset,
308 1991 496 2064 trepidamque
517 1992 625 2050 turbam
645 2011 756 2049 suorum
779 1997 855 2048 a‘rma
871 1991 1036 2063 ordinesque
1050 1989 1133 2044 relin-

164 2080 294 2136 eoquere,
310 2067 507 2139 reprehensans
521 2070 653 2142 singulos,
665 2069 810 2140 obsistenti,
832 2069 1025 2140 obtestansque
1040 2065 1131 2123 Dedin

201 2151 229 2196 et
251 2143 393 2199 hominum
413 2143 506 2210 fidem,
529 2145 688 2216 testabatur,
707 2146 922 2219 “nequidquam
935 2145 1044 2201 deserto
1062 2161 1131 2219 prar-

200 2220 219 2252 “
231 2219 301 2276 sidio
314 2238 361 2276 eos
375 2219 478 2294 lugere.
507 2235 508 2240 ’
520 2221 550 2276 Si
564 2221 707 2278 transitum
716 2233 938 2296 pontematergo
947 2222 1129 2294 reliquissent,
1189 2241 1192 2251 ·

199 2297 217 2329 “
226 2297 283 2371 jam
296 2295 357 2372 plus
371 2297 490 2353 hostium
501 2297 530 2354 in
545 2297 650 2354 Palatio
664 2299 862 2372 Capitolioque,
875 2297 957 2371 quam
970 2297 999 2353 in
1014 2298 1031 2352 J
1034 2297 1129 2353 anicu-

198 2375 217 2408 “
227 2375 263 2446 lo,
278 2375 343 2432 sore.
383 2373 479 2448 Itaque
493 2393 614 2446 monere,
629 2375 788 2448 predicere,
802 2384 832 2431 ut
844 2384 956 2449 pontem
967 2373 1047 2440 ferro,
1061 2373 1129 2449 igni,

163 2453 398 2526 nt“qudcumque
418 2453 445 2510 vi
465 2463 585 2527 possent,
607 2453 815 2527 interrumpent.
857 2453 894 2508 Se
918 2451 1049 2528 impetum
1068 2452 1129 2508 hos·

198 2531 217 2564 “
227 2530 304 2602 tium,
318 2530 451 2604 quantum
465 2549 578 2604 corpore
602 2548 657 2586 uno
680 2546 771 2605 posset
785 2528 896 2602 obsisti,
920 2525 1126 2606 excepturum.”

198 2607 282 2664 Vadit
308 2607 372 2664 inde
399 2609 428 2666 in
454 2608 573 2682 primum
594 2608 698 2664 aditum
719 2607 825 2682 pontisr
859 2607 1029 2684 insignisque
1055 2607 1127 2666 inter

197 2696 347 2758 conspecta
371 2681 529 2742 cedentium
559 2704 660 2762 pugnae
686 2696 771 2760 terga,
801 2683 922 2742 obversis
944 2685 1070 2743 cominus
1090 2685 1126 2744 ad

147 2799 155 2807 -
197 2761 350 2818 ineundum
372 2763 498 2838 proelium
516 2764 608 2830 armis,
631 2762 689 2839 ipso
710 2759 843 2820 miraculo
856 2762 979 2821 audaciae
999 2763 1126 2836 obstupe·
1151 2831 1153 2834 Ι

163 2833 263 2912 aufecit
276 2839 375 2895 hostes.
416 2839 493 2896 Duos
513 2851 607 2898 tamen
627 2854 692 2900 eum
715 2859 749 2898 eo
767 2837 856 2916 pudor
876 2841 974 2918 tenuit,
995 2837 1043 2912 Sp.
1058 2839 1124 2895 Lar·
1149 2839 1151 2845 ’

195 2915 266 2972 tium
292 2934 325 2972 ac
344 2916 381 2973 T.
402 2915 586 2988 Herminium,
617 2919 711 2975 ambos
738 2915 825 2976 claros
852 2931 954 2993 genera
981 2908 1123 2990 lactisque.

195 2991 269 3068 Cum
289 2993 332 3049 bis
351 2994 467 3068 primam
487 2996 602 3069 periculi
622 2992 777 3070 procellam,
798 3007 826 3052 et
847 2994 918 3068 quod
938 2991 1124 3052 tumultuosis·

193 3069 296 3128 ¹simunt
307 3090 408 3146 pugnae
422 3083 489 3139 erat,
503 3091 648 3149 parumper
666 3073 810 3130 sustinuitt
840 3069 942 3148 deinde
954 3081 1002 3126 eos
1014 3089 1121 3146 quoque

194 3147 276 3222 ipsos,
290 3149 391 3224 exigue
404 3165 480 3224 parte
493 3152 583 3225 pontis
603 3144 710 3223 relictrl,
730 3149 932 3219 revocantibus,
951 3147 997 3221 qui
1019 3151 1121 3208 rescin-

160 3225 306 3296 t'sdebant,
319 3226 418 3283 cedere
441 3228 471 3284 in
484 3238 572 3285 tutum
586 3229 686 3304 coegit.
702 3299 704 3303 ι
725 3224 932 3286 Circumferens
949 3225 1014 3283 inde
1027 3235 1120 3286 truces

175 3303 338 3360 'minaciter
357 3303 452 3361 oculos
475 3304 509 3361 ad
535 3317 662 3380 proceres
685 3299 874 3374 Etruscorum,
894 3318 970 3360 nunc
996 3305 1119 3380 singulos

192 3393 349 3452 provocata,
372 3399 449 3438 nunc
466 3382 607 3457 increpare
619 3401 726 3449 omnes,
747 3385 764 3418 “
776 3379 893 3451 Serritia
914 3391 1010 3458 regum
1023 3400 1118 3457 super·

193 3455 213 3490 “
223 3454 327 3544 borum,
348 3472 406 3515 snae
427 3458 559 3516 libertatis
584 3454 766 3534 immemores,
792 3457 910 3515 alienam
929 3470 1117 3548 oppugnatum

167 3605 169 3610 Ι
192 3529 345 3590 “venire”
384 3533 695 3611 Cunctatialiquamdiu
716 3542 788 3608 sunt,
809 3535 875 3592 dnm
895 3529 1071 3603 elinandum,
1085 3545 1150 3596 uta

158 3605 318 3688 tuproelium
340 3612 495 3689 incipiant,¹
510 3613 749 3689 circumspectant
801 3607 892 3670 Pudor
917 3613 1017 3671 deinde
1042 3627 1117 3674 com-

191 3682 278 3746 morit
290 3687 395 3759 aciem3
415 3701 452 3760 et,
466 3691 585 3750 clamore
599 3691 714 3759 sublato,
733 3683 854 3766 undique
867 3691 996 3762 inunum
1009 3689 1116 3753 hostem

147 3843 151 3874 r
190 3757 419 3854 telaeonjiciunt.
457 3767 627 3903 Qqapqcum
641 3769 670 3827 in
683 3770 792 3848 objecto
811 3779 914 3828 canem
931 3768 1116 3829 ecutobesis-
