2638 4206
517 330 619 384 Lrttutt
634 333 665 384 V.
687 345 757 410 lour-
767 346 847 382 xurrr.
1095 330 1150 392 η]

212 476 287 548 bulis
306 476 435 536 sedentes
455 475 537 543 riros,
555 487 655 551 preter
680 485 810 534 ornatum
829 472 1008 547 tactumque
1028 472 1152 530 lrumuno

213 556 409 632 augustiorem,
423 553 565 629 majestate
578 555 671 623 etiam,
692 572 775 628 quern
799 552 889 610 vultus
908 551 1082 627 graviusque
1095 551 1151 608 oris

214 653 271 710 pre
285 653 314 690 se
335 633 450 700 serebat,
471 631 624 690 simillimos
644 633 715 690 Diis.
756 631 803 688 Ad
823 649 881 697 eos,
900 629 975 686 velut
993 628 1151 699 simulacre,

215 711 287 770 versi
300 730 385 786 quum
398 720 512 780 starent,
527 711 566 768 Μ.
581 710 719 785 Papirius,
733 729 806 768 unus
828 708 931 775 erbis,
945 705 1047 764 dicitur
1060 706 1151 774 Gallo,

106 819 109 826 ¹
191 789 329 850 charbem
343 807 421 846 suam
437 787 481 864 (ut
493 799 553 844 tum
572 788 702 846 omnibus
721 786 856 863 promissa
868 784 941 862 erat)
957 784 1151 859 permulcenti.

213 865 339 942 ‘scipione
352 867 476 924 eburneo
489 865 517 922 in
532 877 617 941 caput
633 867 746 924 incusso
766 865 835 922 irurn
857 863 992 931 movisse3
1023 872 1104 936 atque
1118 862 1153 918 eh

215 963 249 1002 eo
263 945 372 1002 initium
387 937 474 1002 o'aedis
486 954 576 1002 ortum
587 963 595 1013 3
623 955 740 1001 ceteros
753 943 782 1000 iu
796 942 909 1000 sedibus
921 941 979 998 suis
992 940 1154 998 trucidatos.

215 1021 282 1080 Post
294 1023 450 1097 principum
465 1022 581 1090 caedem,
602 1023 671 1080 nulli
684 1021 787 1080 deiude
801 1019 958 1078 mortalium
971 1019 1058 1094 parci,
1072 1017 1155 1094 diripi

215 1111 299 1170 tecta,
313 1099 455 1158 exhaustis
468 1099 545 1175 injici
560 1099 649 1176 ignes.

186 1274 211 1314 ro
257 1253 352 1312 XLII.
373 1254 525 1325 Caeterum,
538 1275 587 1312 seu
601 1275 657 1312 nou
677 1255 807 1314 omnibus
826 1253 953 1312 delenda
973 1253 1050 1312 urbis
1069 1239 1181 1312 libido'

218 1343 288 1406 erat,
313 1352 363 1390 seu
383 1334 422 1390 ita
447 1333 590 1408 placuerat
611 1334 784 1409 principibus
804 1333 956 1404 Gallorum,
977 1343 1006 1388 et
1024 1333 1158 1395 ostentari

218 1412 346 1485 quaedam
358 1411 491 1468 incendia
503 1411 613 1468 terroris
626 1414 721 1484 caueri,
743 1412 766 1468 si
789 1411 919 1486 compelli
937 1410 972 1466 arl
985 1410 1159 1470 deditionem

219 1488 336 1547 caritate
350 1489 458 1547 sedium
472 1508 584 1546 suarum
597 1490 701 1548 obsessi
715 1499 847 1565 possuntt
873 1499 902 1546 et
915 1507 971 1546 non
984 1489 1079 1546 omniu
1092 1507 1160 1546 corr·

219 1567 338 1624 cremari
351 1577 433 1637 tecta,
448 1578 488 1638 ut,
508 1569 702 1643 quodcumque
725 1577 881 1642 superesset
902 1567 987 1633 urbis,
1008 1567 1036 1624 id
1057 1566 1159 1641 pignus

189 1645 255 1702 uad
269 1643 421 1702 flectendos
435 1644 555 1702 hostium
569 1647 830 1704 animoslhaberent
841 1647 855 1714 ς’
880 1647 1054 1719 nequiquam
1068 1644 1160 1720 periu-

220 1723 256 1778 de
270 1733 351 1796 atque
365 1722 393 1780 in
408 1723 490 1797 capti
505 1723 572 1780 urbe
585 1725 675 1798 prima
688 1725 734 1782 die
755 1734 804 1781 aut
823 1723 925 1799 passim
949 1735 997 1780 out
1009 1722 1063 1780 tue
1077 1741 1160 1798 vuge-

221 1810 266 1856 tus
278 1811 321 1856 est
333 1800 415 1874 iguis.
465 1801 598 1870 Romani,
612 1819 649 1858 err
660 1821 725 1860 urce
738 1802 849 1877 plenam
863 1800 984 1858 hostium
994 1801 1092 1936 qucm
1101 1819 1161 1858 oer-
1186 1795 1190 1804 ’

222 1887 330 1944 nentes,
345 1896 482 1952 vagosque
502 1897 550 1952 per
574 1879 631 1936 vias
648 1899 746 1938 omnes
767 1899 875 1950 cureris,
895 1897 981 1954 quum
1029 1878 1055 1936 ts
1078 1889 1161 1953 atque

224 1953 279 2010 ulii
292 1964 368 2028 parte
391 1973 463 2012 nova
483 1956 575 2029 aliqua
594 1958 689 2014 eludes
709 1958 835 2026 oriretur,
849 1975 905 2016 nou
919 1957 1058 2014 meutibus
1071 1956 1161 2014 solrirn

189 2057 216 2097 ω
224 2031 379 2104 consipere,
393 2031 442 2088 sed
456 2051 492 2090 ne
505 2035 618 2090 auribus
630 2035 742 2109 quidem
756 2045 839 2110 utque
851 2035 940 2094 oculis
953 2034 1020 2092 setis
1033 2044 1162 2092 onustare
1192 2095 1205 2108 ,

224 2118 360 2184 poterunt.
411 2107 599 2184 Quocumque
624 2113 729 2172 clamor
748 2115 878 2180 hostiurn,
898 2113 1046 2171 mulierum
1065 2115 1184 2187 puero'

225 2205 340 2260 rumque
353 2186 485 2260 ploratus,
498 2188 604 2246 sortitus
618 2189 746 2258 flamma,
770 2203 799 2248 et
811 2192 902 2266 fragor
915 2191 1056 2248 ruentium
1075 2201 1164 2248 tecto·

225 2283 287 2321 rurn
301 2264 451 2331 avertisset,
465 2276 598 2339 paventes
618 2268 653 2324 ud
676 2267 780 2334 omnia,
794 2269 902 2326 animos
913 2287 1014 2341 oreque
1028 2279 1057 2325 et
1069 2268 1166 2325 oculos

224 2340 385 2412 flectebant,
395 2343 471 2400 velut
483 2343 518 2399 ud
532 2345 722 2418 spectaculum
743 2365 761 2402 u
780 2345 903 2404 Fortuui
915 2345 996 2420 positi
1009 2345 1165 2404 occidentis

192 2445 217 2486 ω
226 2420 331 2494 patrim,
345 2438 399 2476 nec
413 2420 497 2476 ullius
510 2439 606 2478 rerurn
616 2441 729 2480 suerum
752 2423 852 2490 relicti,
875 2433 1057 2498 preterquam
1069 2441 1167 2499 corpo·

226 2515 298 2564 rum,
319 2497 460 2567 vindices;
491 2497 569 2556 nuto
588 2511 653 2558 unte
674 2501 744 2558 ulios
762 2501 914 2558 miserendi
934 2502 1032 2577 magis,
1046 2502 1094 2577 qui
1113 2521 1167 2559 uu-

226 2594 309 2649 quam
328 2575 433 2632 obsessi
459 2587 534 2644 sunt,
555 2577 628 2651 quod
648 2579 793 2636 interclusi
813 2597 830 2636 ιι
849 2579 936 2654 patrii
956 2580 1165 2652 obsidebuntur,

227 2653 320 2710 omnia
333 2672 384 2709 sua
396 2665 544 2710 cernentes
557 2655 586 2711 in
600 2657 720 2714 hostiurn
734 2668 875 2732 potestate.
918 2658 982 2716 Nec
994 2659 1168 2733 tranquillior

228 2748 283 2788 uox
297 2731 371 2786 diem
384 2741 441 2787 tarn
455 2731 634 2790 sedunorum
654 2736 780 2810 excepit:
810 2735 859 2792 lux
878 2736 980 2792 deiude
994 2746 1105 2793 noctem
1126 2736 1168 2792 in·

195 2807 349 2882 acquietum
364 2807 490 2864 insecuta
502 2821 563 2866 est:
584 2831 637 2868 uec
651 2812 739 2870 ullum
758 2825 818 2870 erat
837 2825 955 2887 tempus,
973 2814 1046 2886 quod
1060 2832 1077 2869 u
1089 2831 1168 2869 uorae

230 2903 338 2960 semper
358 2885 446 2942 cladis
469 2886 587 2962 alicujus
612 2891 772 2963 spectaculo
794 2901 924 2948 cessaret.
964 2888 1043 2946 Nihil
1064 2900 1168 2962 tamen,

229 2974 270 3020 tot
282 2963 389 3020 onerati
403 2974 485 3037 atque
497 2964 588 3023 obruti
610 2966 698 3036 melis,
720 2967 857 3026 flexerunt
879 2967 995 3034 aninmo,
1018 2967 1096 3041 quin,
1116 2969 1170 3026 etsi

229 3041 324 3099 omnia
338 3041 456 3098 flammis
469 3061 503 3098 ac
516 3043 604 3100 ruinis
626 3057 733 3118 aequate
755 3046 897 3114 vidissent,
920 3046 1045 3119 quemvis
1057 3046 1170 3122 inopem

229 3138 409 3194 parvumque,
433 3139 514 3194 quem
535 3123 678 3194 tenebunt,
698 3124 807 3194 collem,
821 3123 940 3180 libertati
960 3124 1097 3196 relictum,
1119 3125 1171 3182 rir-

198 3208 290 3262 astute
303 3198 505 3266 defenderent3
525 3209 553 3256 et
563 3199 631 3274 jum,
645 3220 731 3274 quum
744 3202 842 3259 eedem
863 3201 986 3275 quotidie
999 3203 1170 3271 acciderent,

231 3275 307 3334 velut
320 3276 421 3334 assueti
435 3276 525 3347 mulis,
545 3278 769 3336 abalienaverant
787 3279 824 3336 ab
842 3297 926 3336 sensu
946 3275 1038 3339 r'erum
1058 3299 1172 3339 nurum
1206 3273 1208 3288 '

232 3353 340 3412 animos
350 3374 357 3423 ;
379 3373 455 3412 urmu
467 3353 577 3414 tentirm
590 3357 747 3432 ferrumque
767 3358 796 3416 iu
817 3357 933 3427 dextris,
952 3359 1027 3417 relut
1046 3359 1118 3417 solus
1130 3377 1173 3416 re·

234 3428 332 3505 liquius
344 3432 404 3508 spei
417 3451 485 3500 sue,
498 3433 649 3494 intuentes.

273 3585 384 3646 xuru.
414 3588 488 3648 eurr
501 3608 620 3664 qaoque,
638 3611 688 3667 per
708 3592 811 3668 nran
830 3551 891 3651 am
904 3593 933 3652 n
946 3591 1118 3653 reamare
1128 3611 1177 3652 m

200 3663 281 3730 obis
289 3667 473 3742 nequidquam
488 3667 561 3726 bello
573 3681 661 3744 gesto,
683 3689 770 3745 quun
792 3673 865 3729 iuter
878 3671 1012 3730 imnrlia
1030 3691 1066 3730 uo
1077 3672 1177 3732 ruinas

234 3753 325 3821 cepte
338 3741 412 3804 urbis
424 3745 494 3806 nihil
507 3764 664 3822 superesse,
674 3760 774 3824 preter
785 3760 906 3809 sturnos
922 3752 1024 3820 hostes,
1038 3752 1174 3822 riderent,
