2620 4200
455 353 556 404 LIBER
573 355 678 406 XXVII.
697 367 758 404 cre.
769 369 844 404 ιιιιι.
1080 349 1137 416 223

210 517 264 574 que
291 497 456 572 aliquamdiu
482 501 581 564 hostes,
607 498 697 554 citatis
717 497 794 571 equis
814 505 916 570 agmen¹
933 513 1043 569 suorum
1064 517 1137 556 asse
1193 526 1196 530 ·

211 586 339 650 quuntur.
378 576 492 642 Consul,
508 577 552 633 ubi
567 576 704 634 silentium
718 576 747 632 in
761 575 867 644 castris,
880 583 908 629 et
920 591 955 629 ne
964 592 1066 648 paucos
1077 578 1136 652 qui·

210 656 284 720 dem,
307 653 352 727 qui
370 654 456 727 prima
480 655 544 710 luce
566 653 815 722 obambulaverant,
837 661 913 725 parte
928 651 983 706 ulla
996 655 1135 725 cernebat,

210 731 317 788 duobus
330 732 467 804 equitibus
479 731 650 806 speculatum
666 731 694 788 in
716 743 804 786 castra
817 729 972 805 premissis,
992 743 1135 804 postquam

188 810 274 866 sestis
297 819 355 864 tuta
374 809 468 865 omnia
480 829 540 866 esse
560 807 730 882 exploratum
752 819 803 875 est,
825 807 918 862 inferri
942 807 1022 881 signa
1032 808 1134 882 jussit:
1205 807 1209 819 “

145 931 147 936 .
208 886 367 959 tantumque
382 887 419 942 ibi
434 898 561 953 moratus,
577 888 642 942 dum
655 886 755 942 milites
776 887 809 941 ad
833 885 953 958 predam
967 885 1133 960 discurrunt,

206 965 330 1038 receptui
351 963 452 1020 deinde
472 965 584 1034 cecinit,
607 961 746 1037 multdque
767 974 830 1019 ante
850 973 959 1018 noctem
980 964 1073 1038 copias
1094 981 1134 1022 re·

206 1041 295 1098 duxit
336 1041 448 1098 Postero
461 1043 506 1098 die
522 1043 610 1130 prima
596 1041 685 1098 luce
698 1041 845 1115 profectus,
859 1041 967 1114 magnis
990 1041 1134 1098 itineribus

206 1119 309 1174 lamam
327 1130 356 1175 et
376 1121 490 1194 vestigia
509 1119 626 1194 agminis
652 1137 779 1192 sequens,
799 1118 872 1173 haud
892 1118 988 1198 procul
1008 1119 1134 1176 Venusia

175 1197 312 1252 rohostem
332 1197 494 1271 assequitur
547 1197 591 1254 Ibi
610 1215 716 1269 quoque
736 1191 932 1252 tumultuaria
939 1214 1032 1284 pugna
1061 1197 1132 1254 suit:

206 1292 288 1347 supra
301 1275 355 1330 duo
369 1275 454 1329 millia
468 1275 613 1331 Poenorum
628 1293 706 1330 caesa.
746 1273 817 1329 Inde
830 1273 972 1329 nocturnis
985 1274 1133 1332 montanis·

207 1369 260 1424 que
274 1351 418 1408 itineribus
427 1352 543 1418 Poenus,
557 1371 592 1407 ne
612 1351 703 1408 locum
725 1350 866 1426 pugnandi
890 1351 974 1420 daret,
989 1350 1132 1427 Metapon-

205 1438 264 1484 tum
278 1430 363 1503 petiit.
404 1429 507 1486 Hanno
520 1429 584 1485 inde
599 1427 636 1504 (is
648 1429 722 1485 enim
737 1427 862 1502 prasidio
884 1429 944 1503 ejus
963 1427 1016 1485 loci
1035 1430 1133 1504 praefu-

161 1565 171 1588 ,
204 1508 276 1581 erat)
301 1507 328 1562 in
343 1507 464 1563 Bruttios
486 1526 550 1562 cum
570 1507 666 1580 paucis
680 1507 723 1562 sad
737 1507 887 1562 exercitum
904 1525 1004 1563 novum
1024 1519 1134 1582 compa·

174 1599 196 1636 1⁵
206 1585 322 1640 randum
338 1584 446 1640 missus.
487 1584 639 1650 Hannibal,
653 1584 739 1658 copiis
752 1584 811 1658 ejus
825 1584 859 1639 ad
873 1603 935 1652 suas
949 1585 1057 1656 additis,
1077 1585 1133 1641 Ve-

204 1661 314 1718 nusiam
326 1675 407 1726 retro,
421 1663 520 1734 quibus
541 1667 651 1719 venerat
670 1661 823 1727 itineribus,
838 1662 942 1751 repetit,
968 1672 1048 1736 atque
1067 1661 1132 1718 inde

205 1739 357 1795 Canusium
373 1739 503 1812 procedit.
544 1738 695 1811 Nunquam
709 1739 785 1794 Nero
801 1739 922 1826 vestiins
945 1739 1030 1796 bostis
1051 1739 1132 1796 absti-

203 1826 291 1872 terat:
309 1815 389 1875 etQ
404 1816 530 1872 Fulvium
533 1834 638 1904 ,quum
662 1815 880 1904 bletapontum
874 1835 932 1890 rpse
945 1817 1132 1892 proficiscere

203 1903 256 1962 tur,
270 1894 299 1948 in
312 1893 450 1963 Lucanos,
464 1913 500 1948 ne
513 1895 591 1967 regio
608 1911 642 1949 ea
655 1894 715 1950 sine
725 1893 855 1967 presidio
867 1905 962 1960 esset,
961 1895 1133 1952 arcessierat

171 2067 196 2110 ιι
242 2048 353 2104 XLIII.
373 2048 449 2106 Inter
462 2049 522 2104 baec
536 2047 570 2104 ab
590 2047 772 2117 Hasdrubale,
796 2058 972 2136 postquam
951 2067 968 2104 a
982 2048 1131 2106 Placentiae

203 2126 347 2182 obsidione
372 2126 513 2192 abscessit,
539 2135 654 2201 quatuor
687 2125 759 2181 Galli
779 2125 892 2198 equites,
916 2111 972 2183 duri
990 2126 1129 2196 Numidae,

204 2222 268 2260 cum
282 2204 367 2260 literis
380 2204 415 2260 ed
431 2203 617 2260 Hannibalem
641 2202 726 2268 missi,
747 2197 830 2291 qudrn
851 2221 899 2276 per
920 2204 1025 2260 medios
1038 2205 1131 2266 hostes

202 2291 287 2338 totam
301 2282 386 2338 ferme
398 2281 599 2354 longitudinem
613 2274 704 2336 ltaliae
720 2280 825 2336 emensi
846 2291 947 2346 essent,
961 2282 1026 2336 dum
1041 2282 1131 2337 Meta·

203 2370 317 2432 pontum
331 2360 478 2416 cedentem
493 2358 678 2415 Hannibalem
693 2368 851 2431 sequuntur,
862 2358 975 2414 incertis
986 2357 1131 2414 itineribus

164 2455 194 2498 ,ιι
203 2437 357 2494 'Parentum
371 2437 464 2502 delati,
479 2455 494 2492 a
510 2436 585 2510 vagis
605 2454 653 2509 per
673 2454 752 2510 agros
772 2435 974 2509 pabulatoribus
995 2435 1131 2492 Romanis

138 2557 141 2566 .
203 2515 237 2570 ad
250 2515 288 2574 Q.
304 2514 452 2570 Claudium
465 2523 657 2588 propretorem
671 2513 852 2570 deducuntur.
893 2513 965 2570 Eum
985 2511 1074 2587 prImd
1088 2513 1131 2570 iu-
1215 2553 1217 2560 s

188 2593 285 2649 'certis
299 2592 470 2666 implicantes
484 2591 629 2665 responsis,
643 2602 674 2648 ut
687 2602 776 2648 metus
793 2601 989 2649 tormentorum
1002 2591 1131 2648 admotus

202 2670 280 2726 fateri
300 2688 363 2726 vera
382 2671 484 2744 coegit,
498 2671 678 2740 edocuerunt,
691 2669 783 2725 literas
802 2687 832 2724 se
851 2670 886 2725 ab
907 2669 1079 2725 Hasdrubale
1093 2669 1131 2725 ad

203 2746 388 2802 llamribalem
415 2747 493 2802 serre.
543 2748 616 2804 Cum
637 2747 671 2802 iis
689 2746 784 2818 literis,
805 2747 876 2803 sicut
895 2759 981 2817 erant,
1003 2746 1127 2819 signatis,

170 2843 194 2882 ιι
203 2822 235 2878 L.
250 2823 378 2896 Virginio
391 2823 499 2878 tribuno
512 2825 628 2879 militurn
642 2824 762 2880 ducendi
777 2825 810 2880 ad
825 2825 972 2880 Claudiurn
986 2823 1129 2880 consulem
1173 2821 1175 2832 '

202 2901 365 2957 traduntur:
398 2901 460 2956 duae
489 2901 569 2957 simul
597 2912 699 2956 turmae·
719 2901 883 2958 Samnitium
904 2900 1022 2974 praesidii
1043 2899 1129 2956 causb

201 2978 299 3034 misse.
339 2977 399 3038 Qui
413 2978 460 3034 ubi
481 2979 514 3034 ad
535 2978 675 3034 consulem
689 2990 879 3052 pervenerunt,
893 2979 1031 3050 literaeque
1049 2978 1128 3034 lecta

201 3075 250 3130 per
263 3056 440 3130 interpretem
455 3067 527 3120 sunt,
548 3069 624 3111 etex
638 3056 751 3130 captivis
765 3056 932 3130 percontatio
945 3055 1037 3122 sacta3
1070 3066 1127 3112 turn

203 3133 347 3204 Claudius,
360 3153 415 3190 non
430 3133 457 3188 id
472 3146 578 3207 tempus
591 3151 652 3190 esse
672 3134 828 3207 reipublicae
841 3145 924 3199 ratus,
938 3151 991 3206 quo
1005 3133 1129 3191 consiliis

162 3231 193 3282 ,ιι
201 3211 347 3268 ordinariis
360 3211 506 3285 provincie
520 3229 576 3266 sua
594 3212 707 3284 quisque
731 3211 832 3266 linibus
844 3229 891 3284 per
911 3211 1050 3266 exercitus
1062 3229 1126 3268 suos

202 3307 265 3344 cum
286 3289 362 3344 hoste
385 3289 521 3345 destinato
540 3289 575 3343 ab
594 3299 691 3344 senatu
711 3287 812 3343 bellum
831 3299 946 3362 gereret,
968 3289 1126 3346 audendum

201 3365 303 3438 aliquid
318 3367 503 3440 improvisum,
515 3366 694 3439 inopinatum,
708 3365 779 3438 quod
793 3377 912 3438 creptum
924 3385 978 3423 non
992 3368 1126 3422 minorem

202 3444 273 3516 apud
294 3444 368 3500 cives
394 3442 476 3516 quarn
497 3445 588 3500 hostes
607 3454 736 3501 terrorem
762 3444 873 3514 laceret,
893 3443 1103 3518 perpetratum
1096 3461 1125 3500 ιιι

202 3539 329 3592 magnam
342 3521 464 3579 laetitiam
478 3540 513 3577 ex
526 3539 627 3594 magno
638 3531 715 3577 metu
735 3532 866 3590 verteret3
895 3522 980 3579 literis
1002 3520 1125 3577 Hasdru-

169 3597 271 3658 robalis
285 3599 403 3659 Romam
417 3599 451 3654 ad
465 3611 589 3656 senatum
604 3599 701 3670 missis,
723 3599 803 3656 simul
827 3610 854 3654 et
877 3600 934 3673 ipse
953 3599 1047 3654 Patres
1060 3617 1125 3656 oon·

201 3674 326 3747 scriptos,
347 3677 413 3749 quid
434 3688 549 3749 pararet,
570 3677 676 3742 edocet,
697 3687 737 3746 ut,
759 3695 841 3750 quum
863 3678 890 3733 in
905 3675 1018 3733 umbria
1031 3695 1060 3732 se
1079 3695 1125 3733 oe·

201 3767 346 3812 cursurum
370 3753 526 3812 Hasdrubal
548 3754 623 3812 fratri
644 3721 756 3822 scribal,
778 3754 913 3830 legionem
928 3752 1126 3826 aequatae»
