2622 4194
552 335 655 390 umus
670 336 691 385 l.
722 348 782 392 car.
798 349 861 388 ursa
1127 335 1169 399 ω

241 473 341 544 tbnnb
352 495 521 556 cognossent
547 487 587 556 ut,
601 479 652 536 snb
671 477 731 556 ejus
748 476 863 538 oboentu
875 474 1057 556 cognominis,
1068 474 1169 555 libera·
1191 503 1193 508 s

233 549 348 618 'tor⁴ille
367 557 459 634 populi
479 554 602 616 Romani
621 557 731 614 animus
749 555 839 614 latens
857 552 1025 632 opperiretur
1044 565 1170 632 tempora

237 633 299 695 'sua
350 635 379 693 Is
403 647 463 693 tum
493 635 528 692 ab
553 634 713 710 Tarquiniis
738 634 838 692 ductus
862 633 993 709 Delphos,
1018 631 1170 694 ludibrium

236 714 343 787 'reriuq
369 714 453 788 quim
478 731 581 782 comes,
608 731 724 770 aureum
742 712 882 780 baculum,
908 711 1046 769 inclusum
1066 729 1170 771 corneo

220 799 337 850 t'carato
362 791 398 850 ad
425 791 453 848 id
478 790 587 864 baculo,
607 791 703 850 tulisse
723 791 827 848 donum
846 789 969 866 Apollini
989 789 1098 862 dicitur,
1119 805 1170 866 por
1268 801 1272 812 ·

230 870 371 946 ambages
384 868 503 946 effigiem
517 867 623 946 ingenii
643 869 695 927 sui.
733 867 802 930 Qud
821 878 965 944 postquam
983 877 1096 925 rentum
1115 877 1169 937 est,

235 946 369 1022 perlectis
382 948 466 1021 patris
488 945 635 1019 mandatis,
658 947 758 1023 cupido
778 945 892 1004 incessit
913 945 1019 1006 animos
1035 945 1170 1022 juvenum

230 1021 411 1092 ‘sciscitandi
431 1023 466 1082 ad
486 1042 569 1100 quern
581 1043 676 1082 eorum
690 1043 806 1100 regnum
826 1021 986 1081 Romanum
1011 1027 1085 1082 esset
1105 1034 1171 1082 ven·

232 1099 340 1168 turum.
380 1102 424 1160 Ex
449 1103 544 1161 infimo
568 1121 654 1178 specu
676 1121 773 1160 vocam
791 1101 928 1160 redditam
941 1101 1048 1159 larunt:
1086 1101 1105 1137 “
1114 1101 1170 1159 Im·

208 1175 260 1238 m“
269 1181 377 1256 perium
401 1188 540 1238 summum
559 1179 659 1239 Rome
685 1179 807 1252 habebit,
834 1180 881 1254 qui
907 1179 1030 1238 restrum
1054 1179 1170 1256 primus,

240 1259 261 1294 ‘⁴
271 1277 289 1315 o
298 1259 423 1334 juvenes,
436 1259 561 1315 osculum
584 1257 664 1314 matri
677 1257 795 1315 tulerit.’'
835 1257 991 1332 Tarquinii,
1004 1268 1036 1316 ut
1055 1259 1168 1326 Sextus,

240 1335 288 1410 qui
310 1335 410 1394 Roma
432 1335 544 1393 relictus
564 1335 661 1409 iuerat,
675 1335 786 1411 ignarus
806 1335 929 1412 responsi
948 1353 1099 1410 expersque
1118 1334 1170 1394 im-

233 1409 310 1488 ¹perii
336 1423 416 1484 esset,
438 1432 496 1470 rem
521 1415 628 1470 summi
646 1431 697 1488 ope
717 1413 802 1471 taceri
819 1407 933 1489 jubent;
966 1411 1018 1489 ipsi
1037 1413 1108 1470 inter
1128 1429 1169 1481 se,

234 1491 301 1548 'uter
325 1491 406 1566 prior,
427 1508 510 1565 quum
530 1491 651 1548 Romam
671 1491 816 1558 redissent,
836 1491 917 1548 matri
936 1491 1062 1548 osculum
1082 1491 1170 1564 daret,

209 1567 306 1626 ts'sorti
316 1565 488 1644 permittunt.
527 1567 639 1640 Brutus,
661 1567 714 1634 alid
734 1579 809 1626 ratus
829 1564 952 1644 spectare
968 1567 1113 1643 Pythicam
1126 1586 1171 1626 vo·

232 1647 312 1718 cem,
331 1647 407 1704 'velut
428 1638 451 1703 sl
471 1647 612 1722 prolapsus
625 1646 781 1716 cecidisset,
802 1656 903 1703 terram
923 1647 1019 1704 osculo
1036 1645 1169 1722 contigit:

237 1723 356 1800 scilicet,
377 1722 448 1799 quid
462 1742 496 1781 ea
508 1725 664 1783 communis
684 1732 770 1781 mater
783 1725 907 1781 omnium
919 1724 1073 1782 mortalium
1088 1733 1169 1782 esset.

240 1799 374 1880 Raditum
388 1801 453 1860 inde
466 1802 597 1870 Romam,
608 1802 659 1860 ubi
671 1803 802 1859 adversus
812 1803 933 1861 Rutulos
945 1802 1047 1860 bellurn
1061 1802 1172 1862 summi.
1209 1835 1211 1842 v

240 1878 266 1936 ti
279 1878 434 1955 parabatur.

111 2122 113 2128 Ι
200 2033 234 2104 ,99
281 1995 373 2091 LVIIi
393 2034 515 2091 Ardeam
528 2035 626 2093 Rutuli
647 2031 795 2103 habebant,
815 2007 885 2112 gens
908 2031 949 2113 (ut
968 2035 997 2092 in
1010 2032 1171 2112 eiregione

242 2121 324 2185 atque
345 2109 374 2167 in
388 2112 422 2168 eri
444 2113 536 2189 aetate)
560 2113 662 2169 divitiis
683 2114 863 2188 prepollens:
896 2125 983 2188 eaque
1003 2112 1062 2189 ipsa
1086 2127 1173 2170 causa

240 2187 306 2246 belli
326 2189 386 2255 fuit,
407 2186 482 2262 qudd
502 2207 552 2246 rex
576 2183 722 2246 Roriranus
741 2202 800 2246 tum
825 2191 883 2263 ipse
908 2191 999 2262 ditari,
1021 2192 1173 2248 exhaustus
1271 2234 1274 2254 ,

240 2267 448 2341 magnificentii
460 2266 633 2342 publicorum
646 2285 768 2341 operum,
783 2276 839 2323 tum
855 2267 945 2344 praeda
953 2267 1074 2324 delenire
1087 2285 1173 2342 popu·

241 2343 339 2402 larium
365 2344 472 2401 animos
497 2344 641 2412 studebat3
674 2355 772 2417 praeter
798 2342 879 2399 aliam
905 2343 1060 2417 superbiam
1086 2353 1174 2420 regno

207 2419 364 2486 ainsestos'
377 2422 471 2488 etiam,
494 2420 566 2495 quid
588 2439 618 2478 se
632 2422 660 2478 in
682 2421 819 2477 labrorum
840 2420 999 2478 ministeriis
1025 2440 1058 2479 ac
1081 2421 1172 2480 servili

243 2496 347 2556 tamdiu
361 2497 468 2556 habitos
478 2517 559 2574 opere
581 2499 616 2554 ab
638 2517 703 2574 rege
725 2497 947 2573 indignabantur.
986 2499 1108 2557 Tentata
1127 2507 1173 2558 res
1242 2525 1246 2531 ·

246 2589 296 2643 est,
310 2577 333 2634 si
346 2575 434 2652 primo
452 2571 556 2652 impeiu
576 2577 638 2650 capi
659 2577 754 2634 Ardea
765 2586 873 2651 posset:
900 2577 947 2634 ubi
960 2577 988 2635 id
1002 2596 1097 2653 parum
1110 2579 1173 2654 pro-

245 2655 503 2721 cessit‚'obsidione
526 2654 778 2730 munitionibusque
792 2655 873 2730 coepti
887 2655 975 2729 premi
995 2657 1095 2714 hostes.
1135 2655 1172 2714 ln

239 2732 275 2788 iis
288 2727 399 2802 sutilis,
420 2743 450 2788 ut
463 2731 493 2788 lit
513 2725 595 2806 longo
614 2732 702 2808 magis
722 2731 803 2806 quim
826 2733 883 2789 acri
903 2733 984 2805 bello,
1005 2735 1071 2790 satis
1089 2733 1172 2790 liberi

209 2811 412 2868 nldom'meatus
425 2820 519 2866 erant:
548 2810 712 2885 primoribus
727 2822 820 2866 tamen
834 2810 921 2885 magis
934 2811 1015 2884 quam
1029 2809 1171 2866 militibus.
1227 2863 1228 2866 ,

155 2901 158 2915 ’
243 2883 328 2964 Regii
342 2886 452 2963 quidem
462 2887 578 2962 juvenes
598 2887 735 2954 interdum
759 2887 846 2944 otium
865 2887 998 2944 conviviis
1020 2885 1172 2944 comissati-
1197 2893 1200 2906 “

238 2963 395 3038 'ouibusque
409 2965 523 3022 inter‘se
536 2965 679 3022 terebant:
710 2965 777 3022 sorte
791 2965 947 3039 potantibus
960 2963 1003 3020 liis
1015 2966 1088 3040 apud
1101 2965 1171 3022 Sex}

234 3049 299 3116 ¹turn
322 3043 514 3116 Tarquinium,
540 3043 588 3100 ubi
612 3053 641 3100 et
665 3041 820 3100 Collatinus
843 3042 971 3098 coenabat
989 3041 1169 3117 Tarquinius,

238 3115 338 3198 Egerii
358 3120 440 3192 lilius,
463 3118 565 3185 incidit¹
587 3122 622 3177 de
649 3121 779 3178 uioribus
798 3118 920 3176 mentio:
952 3138 1028 3176 suam
1055 3122 1170 3197 quisquo

184 3193 354 3256 'ffilaudare
374 3199 450 3257 miris
470 3195 576 3267 modi's3
610 3199 674 3255 inde
697 3197 847 3255 certamine
871 3215 998 3271 accenso,
1016 3199 1170 3272 Collatinus

242 3287 333 3356 negat,
360 3277 476 3333 “verbis
500 3295 568 3352 opus
590 3294 670 3333 esse:
702 3275 797 3350 paucis
818 3273 847 3330 id
867 3274 977 3348 quidem
997 3276 1070 3336 horis
1089 3281 1169 3351 posse

241 3347 348 3425 ¹“sciri,
374 3351 505 3428 quantum
527 3355 634 3414 oaeteris
653 3363 763 3428 praestet
785 3351 916 3409 Lucretia
936 3372 992 3430 sua.
1031 3353 1121 3420 Quin,
1145 3353 1169 3410 si

219 3471 220 3480 ι
240 3426 262 3500 i‘
272 3431 348 3508 vigor
366 3431 486 3512 juventae
512 3431 593 3497 inest,
614 3429 828 3488 conscendimus
853 3447 947 3504 equos,
973 3431 1169 3505 invisimusque

244 3493 263 3542 ά
273 3510 421 3583 praesentes
434 3518 586 3566 nostrarum
600 3508 735 3584 ingenial
774 3505 807 3584 Id
828 3507 926 3582 cuique
940 3507 1170 3584 spectatissimum

210 3587 262 3630 Μ
275 3586 319 3652 sit,
332 3588 414 3660 quod,
428 3585 593 3660 necopinato
603 3586 653 3643 viri
667 3587 796 3652 aduentu,
806 3587 956 3643 occurrerit
968 3583 1082 3642 oculis.”
1122 3586 1183 3660 Iri-³
1243 3628 1245 3634 ,

243 3663 387 3728 coluerant
398 3664 481 3724 vino„
510 3665 528 3700 “
540 3663 603 3740 Age
617 3663 713 3734 sand,’‘
736 3681 848 3720 omncs:
869 3663 959 3720 citatis
971 3662 1048 3736 equis
1061 3663 1170 3722 avolant

242 3739 373 3802 Romam.
424 3740 490 3806 Qud
510 3760 605 3876 qugqm
625 3739 720 3817 primis
752 3759 782 3798 se
807 3738 1013 3800 intendentibus
1037 3739 1167 3805 tenebris,
