2638 4206
157 325 199 394 oa
342 357 344 366 ,
549 329 617 386 rm
631 329 723 410 rnnr¹

199 469 306 536 XLVI.
327 475 446 538 Concita
457 477 606 537 multitudo
616 491 685 548 erat,
698 487 893 556 certamenque
907 479 1009 538 instare
1020 477 1096 540 ride-

161 551 250 614 bator.
290 553 540 616 LictoresIcilium
561 558 817 616 circumsteterant:
844 577 898 616 nec
921 559 1094 618 ultraminas

161 640 255 690 tamen
268 651 427 708 processum
441 646 499 693 est:
518 655 602 710 quum
616 637 734 711 Appius,
761 639 779 672 “
791 635 857 694 Non
876 637 1033 722 virginiam
1047 640 1094 696 de·

161 703 267 770 “fendi
292 713 328 769 ab
353 712 442 782 Icilio,
463 715 512 772 sed
532 715 686 789 inquietum
706 715 855 786 hominem,
876 726 904 772 et
923 716 1094 774 tribunatum

161 788 273 848 “etiam
293 810 370 849 nunc
389 791 551 866 spirantem,
573 793 665 850 locum
685 793 828 850 seditionis
848 795 998 867 querere‚”
1018 795 1130 852 dice-³5

160 879 222 938 ret3
255 871 273 904 “
282 888 338 926 non
361 871 538 960 prebiturum
552 890 581 928 se
592 871 631 928 illi
644 889 678 928 eo
691 871 737 929 die
750 871 894 929 materiam
905 891 918 949 ²,
933 873 982 928 sed
995 883 1025 929 ut
1035 873 1094 950 jarrr

62 1003 64 1015 ,
160 946 282 1015 “sciren
296 967 352 1006 non
366 947 394 1006 id
407 948 566 1023 petulantie
579 967 647 1022 sue,
669 949 717 1006 sed
738 949 869 1024 Virginio
879 949 987 1007 absenti
999 961 1027 1006 et
1046 970 1094 1026 pa-

161 1026 181 1062 “
189 1025 242 1084 trio
254 1025 360 1084 nomini
374 1037 402 1084 et
413 1026 542 1094 libertati,
553 1027 658 1100 datum,
669 1029 715 1104 jus
729 1046 764 1086 eo
776 1029 864 1086 diese
878 1047 934 1086 non
945 1028 1094 1102 dicrumm‚

161 1103 180 1139 ‘⁶
189 1121 280 1180 neque
288 1104 431 1161 decretum
439 1105 678 1180 interpositorum
693 1107 758 1163 cM.
767 1105 885 1164 Claudio
893 1107 1052 1181 petiturum,
1064 1116 1095 1165 ut

119 1229 122 1242 ,
160 1182 338 1240 “decederet
349 1183 411 1259 jure
424 1203 483 1252 suo,
499 1184 686 1259 vindicarique
699 1184 819 1259 puellam
828 1185 855 1241 in
867 1195 1006 1260 posterum
1019 1186 1094 1244 diem
1104 1184 1146 1237 10'

161 1262 181 1296 “
189 1272 336 1336 pateretur.
368 1260 454 1321 Cludd
465 1262 519 1319 nisi
528 1273 603 1337 pater
614 1273 722 1337 postero
731 1263 777 1319 die
786 1263 917 1330 affuisset,
929 1264 1095 1320 denuntiare

162 1341 181 1374 ‘⁴
189 1357 219 1395 se
232 1339 313 1397 Icilio
326 1340 514 1415 similibusque
528 1340 609 1409 Icilii,
623 1359 713 1416 neque
726 1341 782 1417 legi
795 1359 852 1397 sue
864 1342 990 1407 latorem,
1004 1356 1094 1416 neque

161 1419 181 1454 ⁶⁴
189 1417 346 1479 decemviro
359 1419 542 1476 constantiam
556 1419 667 1476 defore:
699 1438 754 1478 nec
776 1437 806 1475 se
821 1420 913 1494 utique
927 1419 1095 1494 collegarum
1111 1429 1115 1440 “

160 1496 299 1553 “lictores
311 1495 526 1560 convocaturum
551 1497 585 1553 ad
603 1496 773 1555 coercendos
793 1497 935 1554 seditionis
947 1507 1093 1566 auctores3
1167 1499 1172 1506 '

163 1580 355 1632 “contentum
369 1593 398 1631 se
412 1575 469 1632 suis
482 1575 624 1633 lictoribus
638 1575 724 1632 fore.'’
743 1575 843 1635 Quum
857 1575 972 1631 dilatum
986 1585 1131 1650 tempus1⁵

161 1652 269 1727 injuriae
283 1663 365 1724 esset,
387 1654 620 1727 secessissentque
643 1654 768 1710 advocati
785 1653 896 1730 puelle,
915 1653 1019 1728 placuit
1035 1671 1095 1711 om-
1115 1663 1117 1668 '

161 1732 240 1790 nium
254 1730 383 1804 primurn,
397 1731 507 1788 fratrem
522 1731 594 1788 Icilii
618 1731 758 1806 filiumque
779 1731 938 1798 Numitorii‚
963 1731 1095 1807 impigros

159 1809 285 1886 juvenes,
299 1827 414 1883 pergere
421 1809 486 1866 inde
497 1809 574 1866 recti
585 1811 619 1865 od
627 1820 743 1884 portam,
756 1819 794 1882 et,
802 1807 933 1884 quentrim
945 1801 1094 1868 accelerari

161 1895 263 1963 posset,
277 1886 436 1962 virginium
456 1887 541 1944 acciri
554 1905 571 1944 e
586 1888 699 1944 cestris:
732 1889 761 1944 in
785 1907 818 1945 eo
834 1888 901 1944 verti
915 1888 1014 1962 puellae
1024 1889 1095 1944 salu·

162 1976 228 2032 tem,
243 1965 388 2040 sipostero
400 1966 446 2022 die
459 1967 560 2023 vindex
577 1965 685 2041 injuriae
708 1967 743 2022 ad
762 1977 871 2041 tempus
891 1977 991 2040 presto
1013 1975 1130 2024 essew

162 2043 238 2100 tussi
251 2053 379 2118 pergunt,
393 2045 538 2118 citatisque
549 2045 629 2118 equis
641 2045 770 2101 nuntium
781 2042 816 2100 ad
826 2055 931 2119 patrem
945 2044 1094 2119 perierunt.

161 2121 261 2182 Quum
274 2122 388 2178 instaret
401 2133 518 2180 assertor
537 2123 646 2197 puello,
668 2133 699 2180 nt
721 2123 889 2194 vindicaret,=
897 2141 1095 2196 sponsoresque

162 2198 259 2268 daret3
293 2209 374 2274 atque
388 2200 416 2256 id
436 2201 526 2276 ipsum
549 2201 594 2275 agi
615 2201 720 2258 diceret
740 2201 845 2271 Icilius,
869 2199 965 2257 sedulo
987 2211 1097 2276 tempus

162 2287 263 2348 terens,
278 2278 343 2334 dum
356 2278 538 2354 preciperent
551 2279 602 2336 iter
621 2280 713 2336 nuntii
735 2279 812 2336 missi
833 2279 862 2335 in
882 2289 982 2344 castre,
996 2297 1095 2336 manus
1180 2290 1187 2298 ·

106 2385 110 2399 «
155 2357 257 2433 tollere
270 2356 392 2430 undique
412 2357 567 2429 multitudo,
590 2367 618 2415 et
638 2377 668 2415 se
688 2357 802 2432 quisque
821 2367 947 2431 paratum
967 2358 1001 2413 ad
1014 2362 1130 2432 spon-ff

162 2435 285 2492 dendum
299 2433 379 2491 Icilio
391 2436 546 2492 ostendere.
586 2437 680 2509 Atque
689 2435 734 2492 illc
743 2434 984 2509 lacrymabundus,
999 2437 1096 2492 “Gra-
1192 2497 1193 2502 ἵ

162 2516 251 2568 “tum
265 2513 334 2582 est,’'
349 2509 453 2585 inquitt
483 2519 502 2550 “
514 2513 636 2569 crastinis
648 2511 693 2569 die
707 2515 797 2569 restrb
810 2513 894 2586 operti
906 2523 986 2570 uter:
1016 2529 1097 2588 spon*
1198 2519 1199 2524 ’

161 2593 183 2628 “
193 2605 286 2646 sorum
299 2607 375 2646 nnnc
389 2591 454 2646 satis
464 2591 533 2648 cst.”
574 2590 618 2647 Ita
630 2590 785 2648 vindicatur
799 2591 934 2666 Virginia,
958 2593 1096 2669 sponden-

162 2665 236 2724 tibus
259 2667 426 2742 piopinquis.
474 2668 592 2744 Appius,
612 2669 749 2743 paulisper
769 2681 898 2738 moratae,
919 2687 955 2726 ne
976 2669 1035 2744 ejus
1054 2671 1094 2726 rei

162 2745 249 2804 causa
271 2745 375 2804 sedisse
398 2745 545 2814 rideretur,
568 2757 720 2822 postquam,
741 2747 849 2804 omissis
870 2747 953 2804 rebus
965 2747 1131 2823 altrepiam

161 2825 334 2893 cardamus,
348 2841 431 2882 nemo
444 2826 546 2897 adibat,
567 2826 678 2882 domum
692 2844 722 2882 se
735 2824 856 2900 recepit;
884 2826 1053 2901 collegisque
1063 2826 1095 2884 in

161 2913 253 2960 castra
266 2903 370 2975 scribit,
385 2907 448 2960 “ne
462 2904 781 2978 Virginiocommeetum
791 2904 866 2974 dent,
878 2913 960 2978 atque
971 2905 1055 2960 etiarn
1067 2905 1096 2961 in

101 2988 108 3000 “
161 2985 182 3020 “
193 2981 318 3038 custoditi
331 2981 478 3038 habeant·’'
509 2982 668 3056 Improbum
675 2981 822 3040 consilium
831 2999 933 3048 serum,
947 2991 977 3036 ot
989 2981 1096 3054 debuit,

162 3057 235 3114 fuit:-
250 3059 354 3134 etjam,
368 3071 524 3118 commeatu
545 3071 662 3134 sumpto,
680 3059 819 3134 profectus
842 3058 985 3133 Virginius
1006 3059 1095 3132 primi
1189 3089 1192 3104 ·

162 3135 257 3210 vigilio
277 3148 345 3202 eret,
364 3157 450 3213 quum
470 3149 579 3214 postero
598 3139 749 3205 dientem,
768 3139 803 3196 de
823 3136 970 3196 retinendo
984 3151 1027 3204 co,
1047 3141 1132 3194 tte-³⁵

162 3213 313 3289 quidquem
326 3215 411 3274 litere
424 3217 586 3275 redduntur.
626 3251 629 3258 ·
1121 3240 1124 3246 ¹

201 3368 327 3429 xtrss.
349 3371 389 3430 At
401 3373 430 3431 in
443 3370 529 3446 Urbe,
541 3373 632 3449 prime
642 3373 714 3444 laec,
725 3390 813 3449 quum
825 3371 922 3430 civitas
935 3368 965 3428 in
977 3371 1036 3429 loro
1048 3386 1099 3430 ex«

163 3449 334 3526 spectatione
347 3463 441 3510 erecta
463 3462 556 3520 staret,
577 3451 721 3528 Virginius
740 3451 896 3510 sordidatus
918 3449 1097 3508 iilicmsutrrr

162 3527 285 3586 etanta
298 3537 383 3602 resta
397 3531 592 3588 comitantibus
614 3531 723 3606 aliquot.
737 3530 879 3596 matronis,
901 3545 969 3585 cunr
988 3527 1096 3608 ingenti
1202 3582 1208 3592 ,

163 3605 343 3665 advocatione
366 3607 396 3665 in
416 3607 504 3666 forum
524 3608 645 3666 deducit
686 3607 841 3669 Circumire
859 3605 899 3664 ibi
918 3613 947 3664 et
964 3611 1131 3683 premere*

163 3682 290 3741 homines
302 3685 402 3761 caepit:
417 3696 445 3742 et
457 3704 513 3744 non
526 3703 604 3744 orare
618 3685 706 3744 saliam
719 3686 871 3762 precariam
883 3703 973 3762 opem,
985 3686 1035 3744 ced
1047 3701 1098 3761 pro
1124 3730 1127 3736 s

163 3758 259 3820 debita
270 3773 380 3840 petere:
410 3767 430 3803 ‘⁶
441 3764 478 3822 Se
490 3783 542 3841 pro
560 3762 654 3824 liberis
675 3779 771 3826 eorum
784 3783 818 3825 ac
830 3763 998 3844 conjugibus
1007 3761 1098 3840 quoti·
