2638 4206
494 349 594 404 LIBER
608 353 655 403 Ill.
687 365 744 404 cur.
755 365 810 403 ura.
1092 361 1144 418 lbl

257 486 334 550 Lv1.
367 491 495 552 Fundani
514 495 615 553 deinde
635 507 663 554 et
681 507 815 572 potestate
834 495 991 568 tribunicii,
1011 507 1040 555 et
1059 497 1147 573 plebis

218 562 354 637 libertate,
367 580 425 628 tum
446 573 548 630 tribuni
568 575 680 650 aggredi
701 575 824 651 singulos
843 585 933 632 tutum
953 583 1147 650 maturumque

216 645 273 720 jam
287 648 347 719 reti,
361 661 549 709 accusatorem
567 653 686 726 primum
707 652 864 728 Virginium
884 663 913 709 et
932 653 1053 727 Appium
1068 671 1147 712 reum

219 723 350 800 deligunt.
390 725 488 787 Quum
502 729 575 785 diem
589 729 681 804 Appio
694 729 838 804 Virginius
851 730 975 802 dicisset,
985 741 1014 787 et
1028 731 1146 804 Appius,

197 800 331 876 estipetus
345 805 468 878 patriciis
486 805 643 881 juvenibus,
658 808 687 865 in
701 807 789 864 sorum
803 808 1009 876 descendisset3
1029 809 1148 866 redinte-

216 892 294 951 grata
306 883 445 957 extemplo
464 895 506 940 est
517 885 646 942 omnibus
666 885 798 942 memorie
817 885 974 943 soedissimte
997 887 1147 960 potestatis,

215 974 300 1028 <prium
315 958 404 1034 ipsum
428 962 612 1036 satellitesque
635 963 695 1038 ejus
715 964 855 1021 vidissent.
896 963 971 1020 Tum
997 964 1147 1038 Virginius,

215 1036 232 1066 ‘⁴
245 1033 372 1104 Oretie,'’
381 1037 476 1112 inquit,
486 1041 592 1098 “rebus
600 1041 692 1097 dubiis
704 1041 814 1099 iuventa
822 1052 872 1098 est.
893 1041 989 1115 Itaque
998 1059 1149 1116 nequeegc

215 1113 233 1144 “
246 1116 405 1172 accusando
425 1119 497 1191 apud
518 1137 564 1175 vos
584 1137 647 1175 eum
668 1130 776 1194 tempus
796 1131 893 1186 teram,
908 1137 924 1174 a
937 1119 1017 1194 cujus
1030 1119 1149 1176 crudeli·

186 1191 233 1236 ¹¹¹“
246 1202 302 1246 tete
324 1205 427 1251 vosmet
446 1193 497 1269 ipsi
518 1197 601 1253 ermis
620 1197 796 1254 vindictistis:
831 1215 883 1254 nec
898 1197 979 1254 istum
992 1197 1027 1252 ad
1047 1207 1149 1254 caetera

216 1269 353 1326 “scelera
373 1271 570 1346 impudentiam
601 1274 629 1330 in
657 1273 832 1332 defendendo
859 1293 889 1330 sc
914 1274 1033 1349 adjicere
1053 1275 1148 1348 perier.

217 1345 382 1403 “Omnium
404 1349 487 1424 igitur
500 1349 558 1421 tibi,
573 1351 626 1425 Ap.
636 1351 746 1419 Claudi,
755 1371 815 1426 qum
828 1351 912 1427 impie
926 1352 1084 1426 nefarieque
1099 1371 1149 1426 per

215 1423 391 1482 “biennium
405 1427 458 1484 alie
477 1446 558 1502 super
578 1429 630 1485 elie
649 1449 680 1486 es
700 1449 792 1502 ausus,
813 1430 928 1506 gratiam
942 1429 1033 1486 secio:
1068 1430 1150 1486 unius

216 1504 234 1534 “
246 1503 357 1560 teutdrn
371 1505 495 1561 criminis
515 1507 543 1562 ni
561 1507 683 1582 judicem
704 1509 790 1574 dices,
811 1519 838 1565 tc
858 1508 893 1564 eb
913 1508 1038 1564 libertate
1052 1509 1080 1564 in
1095 1512 1161 1563 ser·'
1230 1511 1233 1521 '

186 1582 233 1622 1·'›“
247 1581 360 1636 vitutem
375 1594 472 1639 centra
484 1583 560 1658 leges
580 1585 715 1642 vindicias
735 1605 791 1642 nen
810 1586 927 1656 dedisse,
946 1585 974 1642 in
988 1585 1099 1643 vincula
1122 1595 1150 1642 te

216 1657 311 1713 “duci
331 1657 442 1733 jubee.'’
490 1661 553 1719 Nec
573 1663 601 1718 in
623 1663 771 1720 tribunicio
791 1663 895 1720 auxilie
915 1663 1032 1738 Appius,
1052 1663 1150 1720 necin

214 1735 320 1810 jndicio
341 1737 443 1811 pepuli,
467 1739 550 1796 ullam
571 1759 647 1814 spem
668 1741 804 1798 habebat:
837 1751 957 1798 ettamen
977 1751 1005 1798 et
1024 1741 1149 1798 tribunes

218 1813 381 1887 appellarit:
402 1826 439 1886 er,
454 1817 529 1874 nullo
543 1829 676 1890 morante,
684 1830 807 1892 arreptus
817 1838 833 1876 e
845 1819 955 1885 viatore,
969 1821 987 1854 “
998 1819 1148 1889 Provoce,'’

218 1891 314 1964 inquit.
356 1893 461 1950 Audite
480 1913 531 1951 vex
545 1915 600 1952 une
621 1898 720 1952 vindex
741 1897 882 1968 libertatis,
903 1915 937 1953 cx
950 1915 984 1954 eo
997 1897 1080 1953 missa
1091 1905 1162 1969 ore,

182 1973 209 2011 2⁰
218 1987 271 2040 qne
285 1968 412 2025 vindiciis
426 1989 512 2045 rrtrper
527 1974 561 2028 ab
574 1974 699 2031 libertate
714 1975 795 2031 dietae
809 1986 896 2047 erarrt,
920 1974 1058 2030 silentium
1074 1973 1148 2030 lecit.

220 2046 264 2111 Et,
279 2047 344 2101 dum
358 2065 406 2120 pro
420 2066 449 2103 se
462 2050 585 2123 quisque,
600 2056 617 2086 “
628 2052 703 2108 Deos
713 2053 825 2108 tandem
839 2071 908 2121 esse,
923 2062 950 2109 et
959 2070 1014 2108 non
1028 2051 1150 2134 neglige·

218 2126 236 2157 “
246 2141 274 2178 re
289 2124 437 2195 ltumnna,”
454 2125 587 2196 iremunt3
606 2133 625 2165 “
636 2141 664 2186 et
677 2130 811 2204 superbire
820 2129 1097 2203 crrrtlelitetique,etsi
1110 2147 1150 2185 se·

219 2204 368 2272 “resmou
383 2201 456 2258 leves
476 2212 568 2260 tamen
589 2207 682 2262 venire
702 2225 815 2280 peenas:
839 2223 996 2280 provocare,
1016 2208 1063 2280 qui
1090 2225 1150 2280 pre·

219 2279 416 2334 “vocationem
442 2281 597 2340 sustulisset
606 2304 612 2352 ;
646 2295 674 2339 et
695 2282 838 2356 implorare
864 2283 1020 2356 praesidium
1046 2283 1163 2357 populi,¹

185 2359 210 2399 ‘³⁵
219 2356 292 2430 “qui
306 2356 399 2412 omniu
410 2357 471 2431 jure
481 2360 574 2432 populi
587 2361 733 2426 obtrisset3
763 2359 874 2434 rapique
895 2360 923 2415 in
938 2360 1047 2416 vineole
1067 2377 1150 2434 egen·

219 2441 301 2490 “tem
313 2434 374 2508 jure
391 2433 533 2506 libertatis,
553 2439 600 2509 qui
621 2437 736 2492 liberum
757 2455 857 2510 cerpus
877 2436 904 2492 in
925 2438 1082 2494 servitutem
1104 2438 1151 2494 ed·

220 2497 404 2579 “dixissem’'
438 2511 523 2586 ipsius
542 2515 637 2588 Appii,
664 2515 735 2570 inter
755 2514 898 2570 concionis
923 2511 1045 2571 murmur
1066 2515 1150 2574 fidem

219 2589 310 2664 populi
324 2589 445 2646 Ronreni
461 2590 640 2664 implorantis,
658 2611 709 2648 vox
723 2592 894 2648 audiebatur.
935 2592 1072 2668 Mejerum
1093 2608 1150 2650 me·

219 2668 271 2724 rita
285 2667 312 2722 iu
326 2666 522 2741 rempublicam
536 2667 610 2725 domi
625 2669 782 2743 militiisque
796 2672 1044 2728 commemorabat:
1077 2673 1094 2707 “
1104 2691 1149 2728 su·
1209 2693 1218 2700 ·

145 2793 147 2796 .
185 2749 239 2788 aete
248 2761 295 2800 um
309 2744 404 2800 inlelix
416 2763 482 2819 erge
494 2746 603 2820 plebem
624 2748 782 2804 Romanam
803 2749 934 2820 studium,
952 2746 1027 2824 qtrdd
1040 2766 1149 2823 aequan—
1174 2814 1177 2824 ,

220 2825 239 2859 “
248 2821 344 2876 derum
358 2821 449 2896 legum
463 2825 556 2894 cuusir,
570 2843 634 2880 cum
646 2826 768 2881 maximi
785 2826 937 2882 offensione
951 2825 1072 2892 Petrum,
1084 2844 1150 2882 cen·
1174 2861 1176 2864 -

222 2897 338 2954 “euletu
352 2897 471 2955 abisset:
499 2919 562 2957 sues
575 2903 659 2977 leges,
672 2903 771 2976 quibus
786 2903 960 2960 urenentibus
973 2903 1041 2958 lator
1054 2919 1150 2958 earum

220 2975 277 3032 “in
291 2976 402 3032 vincula
414 2975 538 3034 ducatur.
578 2980 718 3037 Ceterum
733 2999 783 3037 sue
803 2980 910 3055 propria
929 2979 1001 3035 bona
1014 2979 1149 3054 malaque,

218 3059 240 3108 .“
248 3071 331 3128 quum
346 3052 437 3141 ceus're
450 3055 576 3112 dicende
589 3059 653 3114 deta
667 3059 782 3115 sactiltes
795 3060 838 3127 sit,
852 3069 909 3114 tum
924 3075 953 3112 se
964 3068 1148 3132 experturum.
1166 3091 1168 3096 ·

221 3131 282 3188 “ln
296 3132 440 3206 presentie
460 3151 489 3189 se
503 3137 642 3192 communi
664 3136 724 3210 jure
739 3135 856 3192 civitatis
879 3134 968 3190 civem
989 3134 1149 3193 Romanum

188 3209 296 3272 es“die
319 3209 395 3266 diets
414 3210 560 3284 postulare,
580 3223 610 3270 ut
629 3213 722 3270 dicere
743 3213 833 3279 licent,
854 3221 884 3268 ut
900 3211 1036 3287 judicium
1056 3214 1149 3289 populi

222 3287 371 3345 “Romani
384 3288 511 3361 experiri.
550 3287 615 3346 Non
630 3291 667 3347 ita
680 3309 710 3346 se
724 3290 854 3346 invidiam
868 3289 1049 3364 pertimuisse,
1065 3301 1096 3347 ut
1108 3291 1149 3347 ni·

223 3365 287 3421 “hil
301 3364 329 3420 in
343 3364 469 3440 equitate
482 3376 511 3424 ct
524 3367 711 3426 misericordiis
731 3367 832 3424 civium
846 3383 955 3424 suorum
969 3369 1026 3444 spei
1040 3369 1147 3426 hebeat.

224 3441 334 3503 “Quod
345 3443 368 3499 si
383 3442 488 3499 indicte
500 3445 585 3501 causti
598 3445 626 3502 in
640 3446 750 3502 vincula
763 3444 892 3516 ducatur,
909 3444 1007 3503 iterum
1020 3463 1050 3502 se
1063 3445 1148 3501 tribu·

225 3521 245 3554 ‘⁴
253 3537 301 3576 nes
315 3519 404 3594 plebei
419 3520 564 3596 appellare,
577 3533 605 3580 et
615 3541 736 3590 monere,
749 3541 784 3579 nc
795 3522 942 3594 imitentur,
953 3543 1021 3598 ques
1029 3522 1146 3580 oderint.

191 3597 243 3659 tu“
251 3595 337 3657 Qube
350 3597 372 3653 si
385 3598 488 3655 tribuni
501 3599 598 3657 eodem
609 3601 711 3658 studere
721 3600 891 3676 obligatossc
904 3601 1040 3658 fateantur
1053 3600 1148 3657 tollen·

226 3667 1148 3754 “deeeppellatitmiscausi,inquamconspirdssedecemriroseri·

224 3751 349 3811 “minati
363 3752 435 3826 sint;
455 3755 536 3891 εἶξε
548 3773 697 3832 provocare
708 3757 742 3814 ad
752 3755 899 3834 populumr
920 3751 1062 3832 impleuere
1072 3756 1148 3833 leges
