2620 4200
483 348 584 403 LIBER
596 347 677 400 XXX.
708 357 856 400 tammo.
1067 347 1124 408 237

204 496 224 532 “
232 492 363 566 conditio,
386 501 416 550 ut
437 484 624 569 ctirm'prostt
636 491 712 548 vobis
725 490 808 556 fraus,
821 487 920 563 petitis.
959 486 1058 562 Neque
1076 507 1124 565 ραι·

205 576 287 627 “tres
306 571 390 628 nostri
402 570 506 644 'priores
517 572 551 626 de
565 569 670 638 Sicilia,
684 585 773 646 neque
795 585 846 624 nos
862 566 896 622 de
910 565 1043 638 Hispania
1056 568 1122 626 seci-

204 653 223 686 “
231 666 293 704 mus
306 647 422 704 bedam:
449 658 478 706 et
489 657 556 704 tuuc
573 646 799 704 Mamertinorum
812 643 947 700 sociorum
959 643 1120 716 periculum,

204 729 259 780 “et
271 743 345 782 nunc
359 724 474 798 Sagunti
498 725 648 782 exscidium
670 722 749 780 nobis
767 721 813 795 pia
833 739 866 777 ac
882 720 956 794 justa
975 720 1122 780 induerunt

181 806 312 858 st‘arma.
363 801 421 858 Vos
445 802 594 867 lacessisse,
614 810 643 856 et
667 810 697 856 tu
720 799 777 873 ipse
797 797 897 868 lateris,
917 807 946 854 et
967 795 1020 852 Dei
1039 808 1123 856 testes

202 882 307 946 “sunt5
339 877 385 952 qui
399 878 510 935 ctillius
530 877 593 934 belli
613 877 717 934 exitum
737 875 889 932 secuudum
904 875 1054 950 justasque
1075 876 1122 934 de·
1176 892 1180 912 ¹

200 953 335 1026 “deruut,
362 968 390 1012 et
416 955 495 1028 hujus
517 955 585 1012 dant
606 966 634 1011 et
653 954 766 1010 dabunt.
805 952 890 1012 Quod
904 953 995 1010 adme
1016 953 1121 1021 attinet,

200 1034 218 1070 ‘⁴
227 1042 255 1086 et
267 1031 394 1088 humana
407 1031 569 1088 infirmitatis
582 1031 705 1102 memini,
728 1041 756 1087 et
775 1031 830 1086 vim
844 1030 958 1086 sortunae
972 1040 1074 1104 reputo,
1094 1042 1123 1088 et

200 1112 218 1148 ‘⁶
226 1108 328 1174 omnia,
350 1125 527 1182 quacumque
553 1109 669 1184 agimus,
695 1107 819 1182 subjecta
838 1121 902 1164 etse
918 1107 992 1164 mille
1012 1108 1122 1166 casibus

169 1185 294 1240 1ut‘scio.
333 1183 478 1252 Caeterdm,
492 1186 722 1258 quemadmodum
745 1183 860 1257 superbe
881 1194 909 1240 et
927 1185 1057 1241 violenter
1076 1203 1122 1242 me

200 1265 218 1300 ‘⁴
228 1261 325 1318 faterer
339 1263 439 1328 lacere,
459 1262 482 1318 si
502 1263 589 1335 prius,
602 1262 683 1335 quim
705 1261 732 1317 in
752 1260 877 1316 Africam
895 1261 1072 1334 traiecissem,
1093 1274 1121 1321 te

200 1342 218 1378 ‘⁶
227 1339 274 1394 tud
293 1340 429 1396 voluntate
440 1339 586 1406 cedentem
608 1337 695 1407 Italia,
709 1347 747 1412 et,
760 1337 885 1411 imposito
908 1338 936 1394 in
950 1357 1033 1396 naves
1045 1359 1121 1396 exer·

199 1419 217 1454 “
226 1415 293 1487 citu,
307 1417 395 1490 ipsum
410 1416 565 1472 venientem
579 1415 614 1494 ad
634 1433 730 1490 pacem
751 1415 896 1488 petendam
920 1415 1098 1488 adspemerer
1110 1436 1123 1485 ς,

198 1496 216 1528 “
225 1493 265 1548 sic
278 1512 363 1560 nunc,
377 1512 460 1566 quum
473 1495 556 1568 prope
570 1511 654 1548 manu
668 1491 794 1548 consertis
812 1491 979 1548 restitantem
992 1510 1026 1549 ac
1039 1494 1120 1570 tergi-

167 1572 216 1618 15“
226 1580 376 1626 versantem
391 1571 420 1627 iu
434 1570 557 1642 Africam
579 1569 744 1640 attraxerim,
758 1568 833 1624 nulla
846 1587 906 1625 sum
920 1569 969 1626 tibi
989 1587 1120 1626 verecun-

198 1646 268 1702 “dia
288 1647 442 1704 obstrictus.
482 1646 600 1704 Proinde
621 1646 644 1702 si
663 1645 727 1719 quid
742 1646 777 1702 ad
796 1663 840 1716 cu,
861 1645 889 1702 in
909 1665 969 1719 quae
989 1657 1045 1702 tum
1066 1666 1123 1721 pax·

197 1729 393 1780 “conventura
418 1723 559 1780 videbatur
590 1722 664 1797 (quae
690 1723 754 1794 sint,
774 1723 870 1798 misti),
897 1719 988 1779 mulla
1008 1723 1120 1781 navium

197 1805 285 1858 “cum
300 1810 453 1858 commeatu
466 1819 514 1874 per
534 1799 660 1856 inducias
683 1810 899 1874 expugnatarum
914 1800 1117 1874 legatorumque

196 1877 382 1933 “violatorum
395 1877 531 1950 adjicitur,
544 1887 594 1946 est,
608 1875 679 1949 quod
697 1875 813 1933 referam
826 1877 859 1932 ad
874 1875 1026 1933 consilium.
1066 1880 1118 1936 Sin

163 1956 215 2004 Μ
224 1953 269 2010 illa
282 1970 387 2027 quoque
407 1953 499 2027 gravia
522 1953 656 2018 videntur,
678 1952 779 2008 bellum
801 1951 904 2025 parate,
925 1955 1052 2025 quoniam
1070 1974 1117 2029 pa·

196 2031 284 2086 “cem
298 2030 353 2105 pati
375 2047 431 2086 non
451 2029 603 2103 potuistis.’'
642 2027 687 2084 Ita
709 2028 812 2085 infecta
832 2047 908 2102 pace,
929 2047 963 2086 ex
983 2031 1117 2105 colloquio

196 2107 230 2163 ad
244 2125 307 2164 suos
319 2125 402 2180 quum
416 2124 445 2161 se
465 2105 637 2179 recipissent,
657 2105 756 2161 frustra
778 2105 860 2182 uerba
875 2105 977 2182 jactata
996 2109 1122 2165 renunti-

195 2194 259 2240 ant:
280 2183 362 2240 armis
375 2183 579 2240 decernendum
593 2200 663 2249 esse,
677 2181 884 2255 habendamque
898 2201 958 2238 eam
972 2183 1115 2256 fortunam,

194 2279 275 2335 quam
290 2260 337 2317 Dii
350 2259 498 2317 dedissent.

160 2428 185 2470 aa
212 2414 340 2474 XXXII.
362 2414 1115 2491 Incast'rautestventum,pronuntiantambo,“Arma

194 2497 212 2528 “
220 2493 381 2568 expedirent
393 2493 493 2550 milites
506 2494 663 2567 animosque
678 2491 712 2550 ad
725 2512 881 2568 supremum
895 2505 1044 2562 certamen,
1058 2514 1114 2553 non

193 2573 211 2606 “
221 2570 249 2626 in
263 2589 349 2626 unum
363 2561 444 2641 diem,
459 2571 506 2628 sed
519 2561 548 2627 in
561 2583 730 2646 perpetuum,
755 2572 776 2627 si
796 2571 912 2628 felicitas
924 2572 1038 2643 adesset,
1060 2573 1116 2631 ric·

194 2651 212 2682 “
221 2658 299 2704 tores.
340 2645 432 2705 Roma
445 2667 479 2703 au
494 2647 633 2723 Carthago
641 2648 704 2722 jura
715 2649 844 2723 gentibus
857 2649 942 2720 daret,
966 2660 1029 2706 ante
1042 2669 1116 2708 cras-

164 2761 171 2770 ·
194 2723 305 2780 “tinam
319 2728 427 2780 noctem
442 2725 575 2781 scituros:
602 2726 778 2798 nequeenim
791 2725 1112 2798 Africam,aatItaliam,
1160 2757 1163 2768 ·

161 2811 185 2850 au
194 2803 212 2836 a
222 2800 269 2855 sed
282 2800 377 2856 orbem
390 2809 531 2868 terrarum,
545 2802 664 2859 victoriae
687 2801 827 2876 praemium
842 2802 918 2869 lore;
947 2821 994 2876 par
1007 2805 1114 2876 pericu·

193 2876 276 2932 “lum
303 2877 424 2950 praemio,
450 2877 549 2950 quibus
574 2879 692 2934 adversa
717 2896 815 2954 pugnae
846 2878 953 2935 fortuna
972 2878 1066 2936 fuisset
1080 2882 1114 2939 :¹⁷

191 2971 255 3009 nam
282 2972 371 3027 neque
397 2954 533 3011 Romanis
559 2955 690 3028 effugium
718 2955 803 3012 ullum
831 2956 940 3030 patebat
966 2957 994 3013 iu
1022 2957 1113 3014 alicnis

191 3030 338 3106 ignotique
368 3032 459 3099 terrd3
497 3041 525 3087 et
554 3030 723 3106 Carthagini,
754 3052 879 3107 supremo
898 3033 998 3089 auxilio
1016 3029 1112 3106 effuso,

192 3108 288 3164 adesse
308 3107 449 3163 videbatur
473 3125 593 3180 praesens
618 3109 779 3164 exscidium.
826 3109 872 3164 Ad
892 3109 944 3164 hoo
963 3110 1113 3168 discrimen

158 3184 343 3258 acprocedunt
355 3195 462 3258 postero
475 3184 519 3240 die
533 3183 647 3240 ducrum
669 3185 934 3258 opulentissimorum
952 3181 1110 3260 populorum

191 3261 246 3317 duo
259 3260 340 3335 longe
360 3259 503 3317 clarissimi
517 3260 610 3329 duces,
635 3261 689 3324 duo
711 3261 848 3317 fortissimi
861 3259 1006 3336 exercitus,
1026 3265 1111 3322 multa

191 3340 256 3396 ante
270 3348 348 3412 parta
360 3338 460 3394 decora
473 3349 520 3395 aut
533 3337 695 3414 cumulaturi
708 3357 742 3394 eo
755 3338 808 3404 die,
823 3345 870 3394 aut
882 3341 1009 3398 eversuri.
1051 3340 1110 3397 An·

191 3429 256 3490 ceps
269 3415 350 3490 igitur
364 3433 426 3508 spes
439 3426 467 3473 et
479 3424 569 3471 metus
586 3414 738 3472 miscebant
750 3415 875 3483 animos;
902 3417 1108 3492 contemplanti-

190 3487 294 3565 busque
308 3493 389 3550 modo
401 3491 572 3556 suam,modd
586 3493 702 3548 bostium
716 3493 905 3565 aciem,quum
914 3495 1001 3550 oculis
1011 3493 1105 3568 magis,

158 3567 272 3644 cuquam
286 3571 398 3642 ratione,
411 3576 558 3644 pensarent
571 3567 651 3636 vires,
675 3569 753 3625 simul
776 3569 847 3641 leta,
870 3571 950 3627 simul
963 3571 1048 3628 tristia
1059 3573 1109 3629 ob·

192 3646 374 3704 versabantur.
413 3645 490 3707 Quas
508 3645 573 3720 ipsis
586 3649 633 3702 sut
655 3655 750 3720 sponte
773 3665 828 3703 non
848 3647 1052 3716 succurrebant,
1072 3669 1106 3708 ea

189 3725 275 3782 duces
288 3721 461 3782 admonendo
474 3732 553 3796 atquc
574 3723 705 3780 hortando
720 3723 876 3800 subjiciunt.
916 3721 1017 3782 Pennus
1029 3728 1105 3784 sede-
