2620 4200
476 351 579 400 LIBER
590 350 673 402 XXX.
704 363 857 400 cmxxxiv:
1064 348 1127 414 ,229

203 491 344 572 piuberes
356 489 452 556 ltalia,
465 491 592 548 deductis
611 511 647 549 ex
665 491 820 566 asperrimis
830 488 980 558 montibus,
1000 488 1028 546 in
1042 507 1126 564 ¹ipram

205 569 325 628 nicene
337 579 524 626 ostentantur:
564 569 676 626 Mauros
685 569 880 642 Nouiumque
903 565 1057 625 Masinissa
1076 567 1129 624 'n-

202 646 310 722 puteuti
323 646 421 720 ,loturo
444 645 584 702 dominatu
604 657 695 704 terret.
735 647 806 702 Aliis
830 646 889 702 aliae
908 663 971 718 spes
989 661 1027 698 ac
1036 655 1129 702 anetus

204 724 349 799 iaomutnr.
395 723 670 796 Carthaginiensibus
688 724 793 780 rnoemia
805 723 908 798 patrie,
934 721 982 778 Dii
999 720 1130 787 Penates,

186 801 333 874 ssepdera
347 800 571 875 majorum‚liberi
589 819 655 857 ¹curn
677 801 845 874 parentibus,
865 799 997 873 conjuges
1015 797 1130 871 pavide,

204 887 253 934 aut
267 877 422 934 exscidium
437 877 638 951 servitiumque,
660 888 709 934 aut
730 879 874 952 imperium
897 877 970 932 orbis
986 887 1130 942 terrerum,

204 953 274 1010 nihil
289 965 337 1010 aut
348 956 379 1011 ia
392 965 495 1012 nretum
508 964 556 1011 ant
569 955 597 1011 iu
606 974 686 1030 spem
701 956 820 1012 medium
834 964 993 1010 ostentatur.
1031 951 1130 1012 Quum

205 1032 399 1091 maximahaeo
412 1032 557 1105 imperator
571 1033 642 1106 apud
657 1033 908 1106 Cumaginieuses
921 1032 1008 1086 duces
1021 1047 1132 1090 suarum
1218 1053 1220 1062 ’

206 1109 331 1184 gentium
342 1109 413 1166 inter
425 1110 578 1183 populares,
589 1109 709 1184 plerique
718 1128 765 1183 per
776 1110 937 1182 interpretes
945 1107 1015 1164 inter
1025 1107 1134 1164 immix-

175 1202 199 1242 ro
207 1197 249 1242 tos
262 1186 433 1260 alienigenis,
445 1197 569 1260 agerent,
580 1187 653 1242 tubae
663 1205 822 1261 cornuaque
836 1187 870 1242 ab
879 1185 1014 1242 Romanis
1023 1184 1134 1240 cecine-

207 1273 290 1319 runt:
310 1274 455 1336 tantusque
469 1265 573 1320 clamor
585 1275 669 1330 ortus,
694 1276 724 1321 ut
736 1264 874 1338 elephanti
893 1263 922 1318 in
936 1281 1009 1327 suos,
1022 1261 1134 1318 sinistro

205 1339 327 1397 ruamur}
338 1359 433 1410 cornu,
444 1351 621 1407 verterentur,
632 1341 747 1398 Mauros
757 1359 790 1396 ac
802 1341 946 1397 Numidas.
973 1338 1135 1394 Addiditla-

208 1415 264 1474 cile
277 1417 425 1474 Masinissa
437 1418 569 1491 perculsis
591 1430 731 1485 terrorem,
754 1419 921 1492 nudavitque
944 1417 978 1472 ab
1000 1417 1035 1474 eri
1056 1425 1132 1488 parte

208 1494 298 1550 aciem
312 1495 430 1568 equestri
442 1496 551 1551 auxilio.
570 1496 772 1552 Pauoaetamen
786 1496 944 1564 bestiarum,
953 1493 1136 1566 intrepidaein
1157 1551 1160 1560 ,

178 1587 201 1628 15
210 1571 314 1627 hostem
325 1583 403 1637 actae,
412 1572 482 1628 inter
491 1573 602 1630 velitum
612 1573 723 1630 ordines
734 1592 797 1629 cnm
809 1573 901 1628 multis
911 1571 967 1628 suis
978 1569 1136 1626 vulneribus

210 1648 351 1722 ingentem
362 1660 480 1722 stragem
494 1651 630 1706 edebant:
660 1651 814 1707 resilientes
835 1650 909 1706 enirn
932 1649 966 1704 ad
984 1646 1138 1720 manipules

210 1725 314 1790 velites,
328 1745 411 1798 quum
427 1726 497 1782 viam
508 1727 670 1800 elephantis,
682 1746 717 1783 ne
730 1727 927 1797 obtererentur,
937 1726 1086 1792 fecisseut3
1105 1723 1136 1779 in

209 1803 345 1876 ancipites
358 1803 394 1858 ad
407 1803 492 1859 ictum
506 1805 641 1880 utrimque
665 1804 851 1878 conjiciebant
874 1804 981 1869 hastas3
1008 1819 1062 1857 nec
1083 1801 1139 1876 pilu

210 1879 246 1934 ab
260 1879 447 1952 antesignanis
460 1882 623 1948 cessabant3
644 1883 733 1938 donec
747 1881 868 1954 nudique
879 1877 1138 1936 incidentibnstelia
1232 1885 1236 1898 '

179 1957 303 2015 menanti
316 1975 351 2012 ex
362 1957 489 2012 'Romana
503 1958 572 2022 acie,
588 1959 616 2013 bi
629 1977 736 2030 quoqne
750 1959 777 2016 in
791 1977 841 2012 suo
859 1959 954 2012 dextro
967 1973 1052 2012 cornu
1066 1955 1139 2027 ipsos

214 2032 484 2106 Carthaginiensium
499 2034 605 2107 equites
624 2035 652 2090 in
678 2035 771 2108 sugam
797 2044 944 2090 verterunt.
981 2031 1139 2101 Laeliusut

213 2110 335 2167 turbatos
347 2110 415 2165 vidit
427 2111 527 2180 hostes,
542 2112 617 2168 addit
630 2111 762 2190 perculsis
772 2119 911 2168 terrorem.
983 2155 987 2164 .

257 2264 400 2322 XXXIV.
421 2264 564 2338 Utrimque
573 2265 662 2339 equite
670 2266 774 2322 nudata
784 2275 843 2321 erat
851 2265 957 2321 Punica
966 2265 1048 2335 acius,
1056 2283 1139 2337 quum

213 2343 299 2416 perles
312 2342 460 2412 concurrit,
474 2361 527 2398 nec
541 2362 588 2416 spe
601 2363 655 2399 nac
668 2343 770 2399 viribus
781 2342 837 2416 jam
850 2361 918 2416 par:
938 2343 972 2398 ad
988 2343 1049 2408 boc,
1064 2341 1140 2397 dictu

181 2435 305 2494 asparso,
319 2420 368 2476 sed
383 2419 474 2493 magni
495 2421 591 2476 eadem
611 2421 640 2476 iu
660 2439 690 2478 re
710 2419 830 2494 gerenda
850 2421 981 2476 momenti
1000 2438 1053 2484 res,
1072 2436 1153 2492 recu-¹

214 2515 317 2572 gruens
331 2497 433 2554 clamor
448 2516 469 2552 a
490 2497 634 2568 Romanis,
648 2497 834 2572 edquemajor
854 2507 882 2554 et
894 2497 1055 2555 terribilior:
1087 2495 1141 2551 dis-

215 2574 366 2640 sonaeillis,
379 2584 411 2630 ut
424 2575 709 2648 gentiummultarum
733 2573 1075 2649 discrepantibuslinguis,
1096 2590 1141 2630 vo-

215 2670 271 2708 ces.
300 2651 401 2725 :Pugna
411 2652 540 2708 Romana
549 2653 662 2724 stabilis,
677 2663 706 2708 et
719 2671 768 2708 suo
782 2662 954 2708 etermorum
966 2651 1087 2725 pondere
1097 2649 1142 2706 in-

216 2729 405 2784 cumbentium
418 2729 567 2785 inrhoetem
580 2749 586 2785 :
606 2729 780 2786 concursatio
791 2739 818 2784 et
832 2729 959 2784 velocitas
969 2728 1043 2784 illinc
1056 2726 1142 2800 major

184 2805 297 2879 atquem
311 2805 359 2860 vis.
397 2805 485 2877 igitur
498 2807 586 2878 primo
606 2807 709 2879 impetu
729 2807 867 2879 extempl)
885 2803 1143 2860 movere-locabor·

217 2883 286 2939 tium
300 2881 388 2938 aciem
403 2881 546 2940 nomam:
579 2883 621 2940 ala
642 2884 742 2938 deinde
761 2895 789 2938 et
809 2882 972 2938 umbonibus
992 2881 1142 2954 pulsantes,

217 2959 245 3016 in
260 2959 398 3016 submotos
409 2959 497 3033 ,gradu
514 2959 598 3030 illato,
615 2960 786 3034 aliquantum
810 2959 897 3033 spatii,
922 2959 995 3015 velut
1007 2957 1082 3014 nullo
1101 2975 1144 3013 re·

217 3037 339 3108 sistente,
353 3035 492 3094 incessere
504 3055 512 3103 ;
545 3037 706 3112 urgentibus
718 3048 746 3093 et
765 3036 918 3093 novissimis
930 3035 1040 3110 primos,
1054 3045 1084 3092 ut
1103 3053 1144 3092 se·

218 3114 272 3170 mel
288 3125 394 3172 motam
416 3114 503 3169 aciem
525 3117 650 3183 sensere;
684 3115 755 3187 qnod
769 3115 857 3188 ipsum
877 3113 931 3170 vim
949 3131 1082 3188 magnam
1109 3112 1144 3171 ad

187 3190 377 3266 repellendum
393 3192 503 3248 bostem
517 3193 642 3248 addebat.
684 3193 766 3265 Apud
794 3192 892 3256 hostes,
918 3191 1067 3247 auxiliares
1090 3208 1142 3246 xco·

212 3270 317 3326 'dentes
329 3269 459 3325 secunda
478 3269 561 3338 acies,
582 3269 643 3326 Afri
670 3279 698 3324 et
717 3267 969 3342 Carthaginienses,
999 3266 1067 3326 aded
1082 3285 1144 3324 mou

217 3346 400 3413 srubnebent,
415 3355 445 3402 ut
457 3345 553 3402 contri
565 3347 660 3412 etiam,
674 3365 709 3402 ne
726 3346 884 3401 resistentes
903 3346 1078 3420 pertinaciter
1090 3343 1144 3416 pri·

215 3423 426 3483 ·mos¹ore.dendo
439 3423 473 3478 ad
487 3441 516 3479 se
529 3424 682 3496 perveniret
696 3423 789 3488 hostis,
803 3423 901 3497 pedem
911 3423 1049 3480 referrent.
1086 3419 1158 3494 igis

221 3501 425 3560 turauxiliares
435 3511 512 3574 terga
531 3501 596 3557 dant
608 3501 744 3575 repente:
775 3511 811 3568 et,
833 3500 861 3555 in
874 3519 939 3556 auos
952 3501 1030 3568 versi,
1044 3497 1143 3572 partim

189 3577 348 3651 rorefugere
361 3578 389 3634 in
402 3579 553 3634 secundam
568 3579 666 3648 aciem,
680 3578 777 3652 partim
787 3577 1018 3652 non-recipientes
1027 3575 1143 3640 credere,

223 3653 355 3728 utipanld
379 3654 441 3712 ante
464 3674 518 3711 nou
542 3655 638 3730 adjuti,
659 3667 687 3713 et
706 3667 773 3712 tunc
786 3655 898 3712 exclusi.
939 3655 975 3711 bt
996 3653 1077 3728 prope
1091 3653 1146 3708 duo

220 3732 279 3822 jen]
291 3731 424 3808 permixta
437 3733 532 3806 prmlia
544 3743 630 3811 erant,
643 3732 980 3808 quuanrthaginienses
992 3730 1146 3789 sitonicum
