2622 4194
145 328 186 412 ds
527 345 596 400 nrt
611 345 693 398 mvn

146 486 268 550 “omais
279 497 378 564 preter
391 486 494 546 &llum
506 488 595 548 omitt-I
609 489 738 564 placem:
765 487 845 563 cnjus
858 486 880 544 ri
895 485 964 544 falso
979 486 1084 548 famem

146 566 166 602 “
175 568 323 643 vulgatam,
337 585 461 640 vanaque
475 584 531 623 non
546 567 657 623 nuntios
670 564 769 632 solum,
791 565 840 624 sed
855 565 1082 624 Tusculanorum

145 643 257 702 “etiam
270 644 386 720 legatos,
400 643 522 700 attulisse
536 655 640 718 putent,
656 644 841 718 speculatores
853 643 1001 700 mittendos
1015 663 1084 702 cen-

99 725 102 733 '
145 723 305 796 “seraqui
319 720 423 780 certiin
445 723 586 797 explorata
607 722 735 780 reserant.
776 722 827 778 Sin
848 721 916 778 fides
934 732 962 778 et
974 723 1080 780 nuntiis
1113 738 1118 746 ‘

146 800 201 858 “et
213 800 312 876 legatis
335 800 478 867 habeatur,
501 800 639 856 delectum
653 800 741 874 primo
760 818 867 874 quoque
887 811 1009 874 tempore
1032 801 1118 857 ιιι-ὅ

146 878 233 936 “beri
244 898 251 948 ;
284 877 467 944 decemviros,
493 877 546 952 quo
560 879 660 952 cuique
673 897 769 935 eorurn
789 879 922 949 rideatur,
943 879 1087 939 exercitus

144 959 294 1028 “ducem
314 976 368 1014 nec
381 975 439 1014 rem
454 953 535 1014 aliam
545 956 700 1031 preverti.'’

183 1113 263 1172 XLI.
297 1099 420 1170 Inlhana
443 1113 609 1170 seutentiam
632 1123 663 1170 ut
677 1113 880 1185 discederetur,
886 1113 1010 1189 juniores
1030 1108 1082 1171 Pe·

145 1203 218 1252 ttum
232 1191 407 1249 evincebant.
448 1190 610 1250 Ferociores
622 1191 723 1248 iterum
736 1191 822 1250 coorti
842 1191 978 1248 Valerius
992 1192 1081 1250 Hora-

144 1271 255 1346 tiusque
268 1268 422 1336 vociferari,
445 1271 461 1304 “
474 1282 503 1326 ut
516 1270 552 1326 de
565 1270 707 1344 republica
720 1269 817 1327 liceret
830 1270 939 1326 dicere:
960 1269 1081 1328 dicturos
1092 1284 1116 1324 ro

144 1350 164 1386 “
172 1350 208 1408 ed
221 1348 363 1424 populum,
377 1346 400 1404 si
414 1347 443 1404 in
457 1359 555 1404 senatu
568 1367 616 1422 pen
630 1347 779 1406 factionem
792 1367 848 1405 non
862 1348 961 1406 liceat:
991 1367 1081 1424 neque

144 1427 249 1486 “eninr
262 1425 315 1482 sibi
329 1425 457 1500 privatos,
471 1436 518 1482 aut
532 1427 560 1482 in
575 1426 652 1482 curia
666 1436 713 1489 aut
733 1425 762 1484 in
783 1426 927 1496 concione,
942 1445 1021 1501 posse
1034 1427 1082 1484 ob·

145 1509 165 1544 “
174 1515 264 1573 etare;
285 1512 375 1578 neque
389 1522 419 1560 se
432 1503 604 1579 imaginariis
618 1503 739 1560 fascibus
752 1522 847 1562 eorum
858 1521 984 1562 cessuros
992 1523 1060 1562 esse
1063 1505 1080 1532 '⁸

145 1583 225 1642 Τιιιιι
238 1582 377 1672 Appius,
368 1599 425 1657 Jam
438 1601 521 1656 prope
535 1600 597 1638 esse
613 1594 698 1653 ratus,
722 1591 761 1652 ut,
785 1582 814 1637 ni
837 1581 1081 1640 violentiaeeorum

144 1662 211 1749 pari
225 1661 399 1718 resisteretur
425 1660 551 1730 audacia,
578 1659 682 1717 victum
702 1658 849 1733 imperium
876 1671 957 1731 esset,
987 1661 1120 1718 “Nonis

145 1738 226 1796 “erit
251 1737 378 1807 meliusss’
405 1737 504 1809 inquit,
528 1736 607 1792 ‘'nisi
633 1737 668 1793 de
694 1755 749 1810 quo
775 1737 954 1808 consulimus,
985 1757 1082 1798 vocem

146 1814 301 1874 “misisse:
295 1815 326 1846 ·’'
360 1814 435 1870 etad
451 1814 602 1902 Valerium,
616 1825 765 1888 negantem
788 1833 817 1870 se
838 1814 942 1888 privato
955 1817 1081 1885 reticere,

145 1893 271 1954 lictorem
285 1890 441 1948 accedere
431 1891 520 1966 jussit.
561 1891 625 1948 Jam
643 1891 798 1951 Quiritium
822 1891 905 1948 fidem
918 1893 1083 1967 implorante

146 1969 400 2032 veterascetis
422 1969 527 2034 limine,
553 1969 585 2026 L.
607 1969 754 2026 Cornelius
775 1969 935 2042 complexus
949 1971 1082 2047 Appium,

146 2067 204 2110 non
216 2048 264 2106 cui
277 2047 425 2104 simulabat
437 2047 616 2117 consulendo,
636 2047 746 2106 diremit
768 2057 927 2112 certamen:
956 2049 1083 2124 factique
1100 2064 1112 2101 ι

146 2125 372 2202 per-Cornelium
385 2123 497 2181 Valerio
510 2124 623 2181 dicendi
647 2125 742 2199 gratis,
765 2144 826 2198 quae
839 2126 928 2195 vellet,
952 2145 1038 2216 quum
1051 2127 1085 2184 li·

146 2205 241 2265 bertae
259 2222 316 2260 non
340 2203 411 2261 ultra
430 2221 527 2260 vocem
548 2203 725 2274 excessisset,
743 2203 893 2261 decemviri
914 2205 1083 2278 propositum

147 2281 273 2340 tenubre.
313 2280 480 2338 Consulares
493 2300 600 2356 quoque
614 2299 648 2338 ac
661 2280 793 2348 seniores,
813 2282 847 2337 ab
871 2283 984 2338 residuo
996 2282 1083 2340 tribn-

146 2361 230 2422 niciae
250 2359 393 2447 potestatis
412 2360 485 2429 odio,
509 2359 588 2435 cujus
601 2359 769 2416 desiderium
782 2359 855 2433 plebi
876 2359 962 2416 multo
982 2361 1082 2432 acrius,

147 2439 230 2512 quim
256 2436 443 2496 consularis
436 2437 553 2510 imperii,
580 2437 710 2493 rebantur
736 2455 807 2508 esse,
827 2456 910 2526 prope
935 2438 1082 2509 malebant,
1101 2451 1114 2490 ι

146 2515 312 2590 postmodo
305 2533 378 2588 ipsos
391 2514 562 2570 decemviros
575 2513 713 2570 voluntate
728 2514 803 2570 abire
817 2516 987 2590 magistratu,
1002 2535 1084 2591 qnam

147 2593 253 2650 invidie
273 2610 369 2649 eorum
391 2609 539 2665 exsurgere
565 2610 660 2648 rursus
685 2592 813 2666 plebem:
846 2595 869 2650 si
889 2594 989 2650 leniter
1015 2595 1085 2652 duc·
1144 2641 1146 2658 ,

147 2681 177 2727 ta
203 2688 248 2726 ιιι
274 2669 334 2726 sine
360 2669 484 2757 populari
518 2670 633 2743 strepitu
665 2671 700 2726 ad
726 2670 853 2727 consules
879 2673 1004 2762 redisset,
1037 2683 1085 2730 aut

147 2747 228 2808 bellis
253 2746 430 2822 interpositis,
457 2759 505 2804 aut
529 2748 718 2804 moderatione
740 2749 919 2806 consulum
912 2771 941 2806 ur
962 2751 1085 2826 imperiis

147 2826 322 2898 exercendis,
348 2844 428 2900 posse
459 2824 487 2881 in
512 2825 678 2884 oblivionem
705 2827 876 2884 tribunorum
902 2829 1012 2917 plebem
1037 2829 1085 2886 ad·
1092 2843 1118 2884 ιι

148 2904 222 2964 duci.
264 2905 381 2962 Silentia
407 2903 458 2960 Pet
447 2913 519 2960 trum
543 2904 662 2961 edicitur
682 2905 825 2962 delectus:
843 2907 985 2997 juniores,
999 2927 1085 2980 quum

148 2983 209 3040 eine
228 2981 422 3056 provocatione
444 2981 589 3071 imperinm
613 2993 694 3051 essct,
719 2983 753 3038 ad
775 2985 888 3040 uomina
908 2985 1084 3058 respondent.

148 3059 320 3134 Legionibus
362 3060 480 3134 scriptis,
517 3059 588 3117 inter
627 3080 659 3117 se
695 3061 844 3118 decemviri
877 3062 1086 3136 comparabant,

148 3156 217 3210 quos
242 3137 282 3194 ire
309 3139 344 3196 ad
369 3138 482 3205 bellum,
512 3157 581 3212 quos
606 3157 726 3213 praeesse
746 3141 912 3197 exercitibus
938 3149 1083 3216 oporteret.

148 3213 295 3290 Principes
315 3216 386 3273 inter
407 3216 578 3274 decemviros
598 3227 677 3274 crant
697 3216 736 3277 Q.
751 3217 855 3274 Fabius
875 3229 904 3274 et
925 3219 979 3292 Ap.
1002 3218 1084 3274 Clau·
1091 3233 1119 3274 as

148 3293 231 3352 diue·
252 3293 356 3352 bellum
376 3295 450 3351 domi
474 3295 572 3376 majus,
594 3296 680 3368 quam
704 3295 778 3366 foris,
802 3296 958 3370 apparebat.
999 3296 1084 3371 Appii

150 3371 309 3435 violentiam
323 3371 455 3465 aptiorem
469 3373 521 3430 rati
545 3373 580 3430 ad
603 3373 826 3448 comprimendos
843 3373 963 3431 urbanbs
976 3385 1084 3432 motus:

149 3449 179 3508 iu
192 3450 281 3510 Fabio
295 3447 386 3507 minus
399 3449 427 3506 iu
441 3451 515 3508 bono
535 3461 675 3541 constans,
695 3470 778 3526 quam
799 3471 899 3509 narum
922 3453 950 3510 in
971 3453 1084 3544 malitia,

149 3530 294 3604 rogerium
308 3547 388 3586 esse:
409 3529 484 3586 hunc
497 3529 573 3586 enim
586 3529 673 3586 virum
677 3531 845 3606 ,egregium
863 3531 928 3588 olim
941 3532 1016 3588 domi
1036 3531 1087 3590 mi·

148 3603 278 3698 litisque,
292 3603 494 3665 decemviratus
507 3607 696 3682 collegaque
689 3618 728 3666 ιιι
746 3620 925 3678 mutaverant,
939 3621 970 3667 ut
990 3611 1120 3686 Appiiea

149 3701 232 3757 quam
258 3685 311 3756 sui,
337 3683 435 3742 similis
461 3685 555 3744 mallet
579 3705 649 3742 esse.
700 3687 777 3744 Huic
797 3687 928 3744 bellum
921 3709 950 3746 m
964 3689 1085 3755 Sabinis,

150 3761 248 3824 Manio
261 3731 400 3838 Rabulejo
422 3771 450 3820 et
466 3762 505 3824 Q.
520 3763 635 3822 Poetelio
649 3765 750 3824 additis
772 3764 895 3845 collegis,
916 3768 1086 3865 mandatura
