2620 4200
473 361 574 410 LIBER
589 357 694 410 xxvn.
716 369 776 408 cn.
792 368 829 403 u.
1046 431 1050 436 .
1084 339 1139 403 231

212 505 342 564 nuntium
350 495 528 580 impertirent.
549 503 677 573 Senatus,
685 497 758 575 quod
769 497 809 554 Μ.
821 493 917 582 Liuius
925 500 954 547 ot
962 487 995 545 Ο.
1006 484 1142 576 Claudius

213 584 351 650 consules,
377 582 509 640 incolumi
529 581 662 652 exercitu,
690 579 791 634 ducem
820 575 939 630 hostium
965 567 1143 654 legionesque

213 663 390 733 occidissent,
423 659 650 735 supplicationem
683 656 712 713 iu
745 653 866 712 triduum
898 648 1041 734 decrev1t3
1074 654 1145 736 ¹'eam

215 739 442 814 supplicationem
468 738 500 794 C.
523 737 658 794 Hostilius
683 743 781 808 praetor
808 747 856 806 pro
882 739 1018 815 concione
1037 719 1145 785 edffllt

193 814 442 890 coelebrataque'a
461 816 526 872 viris
545 813 720 886 soenrinisque
739 820 789 867 est.
841 807 946 864 Orunra
974 797 1076 873 templa
1095 813 1147 870 per

212 905 300 952 toturn
324 895 444 951 triduum
468 893 599 968 aqualem
614 891 723 948 turbam
736 889 879 944 habuere:
912 897 997 956 quum
1016 885 1148 933 malton&

213 973 382 1048 amplissimi
395 984 470 1030 veste
483 991 547 1028 curn
562 971 665 1040 liberis,
676 966 790 1042 perinde
804 983 838 1022 ac
851 963 874 1019 si
888 957 1055 1017 debellatum
1069 951 1148 1018 foret,

212 1051 290 1108 omni
304 1052 399 1108 solutae
413 1062 497 1118 ructu,
511 1049 580 1108 Deis
603 1045 802 1106 immortalibus
815 1051 913 1128 grates·
927 1043 1049 1125 agerent.
1090 1031 1151 1088 Sta·

214 1138 273 1186 tum
286 1147 393 1203 quoque
407 1130 525 1188 civitatis
544 1147 579 1186 oa
598 1127 711 1185 victoria
723 1123 825 1194 mon't3
855 1130 886 1179 ut
903 1135 960 1194 Jam
981 1113 1057 1185 rude,
1075 1107 1151 1166 haud

184 1219 207 1258 ιο
216 1223 297 1263 secus
310 1205 392 1281 quarn
406 1209 435 1265 in
448 1227 527 1283 pace,
539 1227 583 1264 res
593 1207 664 1263 inter
673 1223 702 1261 se
711 1204 881 1271 contrahere,
893 1191 1049 1265 vendendo,
1057 1205 1153 1244 emen·

215 1285 262 1352 'do‚
274 1295 400 1342 mutuum
414 1286 514 1354 dando,
529 1295 673 1360 argentum
696 1283 833 1340 creditum
853 1275 993 1344 solvendo,
1007 1269 1152 1329 auderent.

218 1361 251 1418 C.
266 1362 401 1418 Claudius
415 1364 511 1420 consul
525 1381 608 1437 quum
623 1362 651 1418 in
665 1371 755 1418 castra
763 1359 888 1423 redisset,
900 1364 984 1428 caput
993 1347 1154 1436 Hasdruba-

217 1439 261 1511 lis,
275 1442 348 1514 quod
361 1451 498 1498 servatum
520 1460 584 1497 cunr
606 1443 673 1496 curi
687 1439 823 1502 attulerat,
837 1434 1012 1511 projiciente
1032 1430 1154 1518 hostium

218 1519 359 1588 stationes,
374 1519 548 1594 captivosque
563 1518 646 1575 Afros
659 1517 775 1583 vinctos,
800 1525 830 1572 ut
843 1522 931 1583 eraut,
951 1507 1068 1576 ostendi,
1083 1503 1153 1560 duos

188 1607 211 1646 15
219 1595 302 1651 etiam
313 1597 389 1653 exiis
400 1597 502 1655 solutos
516 1598 555 1653 ire
563 1597 598 1652 ad
613 1593 810 1665 Hannibalern,
821 1603 849 1649 et
859 1600 1099 1674 expromerepqutq
1110 1598 1156 1637 w·

218 1683 361 1745 rarescent,
374 1674 463 1748 jussit.
505 1674 656 1746 Hannibal,
671 1683 747 1730 tanto
760 1670 841 1729 simul
852 1668 963 1744 publico
974 1663 1156 1754 sarussrarrque

120 1806 124 1810 .
219 1750 292 1808 ictus
315 1751 401 1822 luctu,
430 1760 609 1828 “agnoscere
629 1769 659 1807 se
680 1751 819 1808 fortunam
844 1741 1048 1819 Carthaginis,”
1070 1739 1157 1827 fertur

220 1829 341 1885 dixisse:
372 1829 600 1904 castrisqueinde
615 1829 705 1895 motis,
728 1839 757 1884 ut
769 1825 864 1884 omnia
876 1823 987 1888 auxilia,
1001 1837 1062 1893 quae
1076 1814 1156 1873 drffu·
1179 1841 1186 1876 t

223 1924 254 1961 sa
272 1905 355 1962 latius
381 1907 451 1964 tueri
478 1927 534 1964 non
553 1917 669 1982 poterat,
693 1905 722 1964 in
743 1916 896 1962 extremum
916 1899 1004 1958 Italiae
1024 1893 1157 1985 angulum

190 1982 345 2040 ruBruttios
358 1985 541 2050 contraheret,
555 1993 583 2040 et
598 1983 812 2058 Metapontinos,
829 1981 972 2064 civitatern
988 1987 1157 2065 universam,

225 2060 329 2118 excitos
343 2061 455 2118 sedibus
478 2061 546 2134 suis,
564 2072 593 2117 et
614 2061 794 2119 Lucanorum
815 2057 863 2133 qui
876 2073 932 2114 suae
945 2053 1058 2112 durours
1070 2055 1157 2118 erant,

226 2137 256 2194 in
269 2137 407 2196 Bruttium
420 2157 520 2216 agro-nr
529 2138 658 2196 traduxit.
