2638 4206
174 309 230 371 144
396 307 463 358 'l‘l'l'l
479 305 562 356 mvn
577 304 678 356 LIBER
692 304 736 353 vt.
760 317 820 354 ean.
829 309 870 353 η’.

172 450 273 526 populo
285 447 415 504 Romano
436 446 466 504 in
487 465 536 503 suo
549 445 708 502 discrimine
721 445 835 502 darent:
862 455 890 501 et
901 443 993 502 orista
1007 443 1100 522 siugu-

173 527 217 585 loo¹
228 526 430 597 universosque,
444 534 475 580 ut
488 522 654 597 Capitolium
664 535 745 596 atque
760 541 851 580 areern
865 522 1014 593 intuentes,
1024 532 1056 579 ut
1067 523 1101 580 ad

174 603 250 662 Deos
262 600 430 659 immortales
442 600 523 670 versi,
537 601 572 656 de
585 619 616 656 aa
626 600 792 674 judicarent.
832 598 866 655 Iu
880 599 986 673 Campo
1000 599 1102 659 Martio

174 699 258 755 quum
271 677 449 736 centuriatim
469 677 586 751 populus
603 677 744 748 citaretur,
758 687 786 732 et
799 695 871 743 reus,
885 677 920 732 ad
933 676 1102 750 Capitolium

174 775 273 814 manua
286 756 412 825 tendens,
426 755 461 810 ab
475 753 631 810 hominibus
644 754 678 810 ad
692 754 767 810 Deos
777 771 873 828 preces
885 753 1042 823 avertisset;
1057 773 1104 829 ap-
1122 765 1136 804 5

94 885 96 889 ,
174 834 265 909 paruit
277 833 404 903 tribunis,
424 831 478 888 nisi
498 830 593 888 oouloa
605 849 711 904 quoque
734 831 876 888 hominum
894 830 1056 887 liberassent
1069 831 1104 887 ab

174 912 244 968 tanti
257 911 390 968 memorii
400 909 517 975 datoris,
532 927 673 982 nunquam
687 907 779 964 foreiu
793 907 990 982 praeooeupatis
1001 908 1102 965 benefi-

175 989 220 1046 eio
234 988 334 1044 animis
347 1005 411 1044 vero
424 986 534 1044 crimini
548 986 648 1042 locum.
689 985 732 1041 Ita
744 985 870 1060 prodicta
883 985 937 1052 die,
952 985 980 1041 in
994 984 1105 1042 Poeteli·

175 1085 243 1123 uum
263 1065 358 1122 luoum
377 1075 454 1122 extra
482 1072 588 1139 portam
608 1063 824 1133 Nomentanam,
845 1063 920 1118 unde
939 1073 1106 1138 conspectus

176 1143 205 1200 iu
226 1142 393 1217 Capitolium
412 1161 468 1198 nou
488 1150 569 1210 esset,
599 1140 749 1198 oouailium
777 1140 870 1214 populi
890 1140 1024 1196 indictum
1054 1149 1139 1200 estu

177 1221 221 1277 Ibi
248 1219 353 1276 orimen
381 1219 473 1288 valuit,
501 1230 529 1274 et
556 1217 699 1275 obstinatis
729 1217 828 1274 animis
856 1218 932 1274 triste
959 1217 1106 1292 judicium,

176 1297 349 1370 invisumque
363 1296 446 1354 etiam
465 1295 614 1371 judicibus,
634 1294 746 1351 laetum.
786 1295 858 1351 Sunt
876 1295 923 1369 qui
941 1313 990 1369 per
1009 1295 1106 1354 duum-

178 1375 258 1446 viros,
288 1375 335 1448 qui
363 1374 398 1430 de
431 1373 617 1446 perduellione
652 1373 838 1446 anquirerent,
867 1383 983 1443 creator,
1016 1385 1105 1432 aucto

178 1469 223 1508 rea
236 1453 291 1509 sint
303 1452 473 1508 damnatum.
512 1449 632 1508 Tribuni
653 1451 688 1506 de
709 1468 774 1508 saro
794 1449 915 1525 Tarpejo
928 1449 1105 1524 dejecerunt:

178 1528 310 1603 locusque
324 1530 397 1585 idem
412 1528 441 1584 in
456 1547 511 1584 uuo
522 1527 633 1584 homine
644 1537 673 1584 et
682 1528 890 1601 eximitegloriae
899 1535 1142 1586 monumentum1⁵

179 1617 207 1664 et
219 1625 308 1680 poenae
323 1606 425 1664 ultimae
439 1604 497 1661 suit.
537 1605 664 1679 Adjeotae
685 1614 791 1660 mortuo
810 1614 882 1662 notre
895 1615 978 1661 sunt:
998 1606 1110 1680 publiea

179 1701 253 1750 una3
273 1682 355 1756 quod,
369 1701 454 1756 ‘luunt
467 1683 564 1738 domus
584 1681 643 1755 ejus
664 1681 769 1748 fuisset,
783 1681 831 1738 ubi
852 1700 927 1738 nuno
942 1683 1014 1738 aedes
1028 1693 1109 1757 atque

179 1759 291 1816 officina
304 1759 425 1815 Monetae
437 1769 489 1829 est,
501 1758 586 1815 latum
600 1758 635 1813 ad
648 1758 778 1832 populum
792 1768 843 1825 est,
857 1777 893 1814 ne
906 1760 967 1833 quis
979 1761 1110 1834 patricius

179 1837 211 1894 in
224 1854 287 1892 aree
302 1846 349 1892 aut
361 1835 498 1910 Capitolio
511 1835 660 1892 habitaret:
681 1836 823 1910 gentilicia
837 1837 937 1903 altera3
958 1836 1030 1911 quod
1044 1856 1111 1910 gen·
1158 1847 1169 1876 ἱ·

180 1913 216 1970 tis
230 1914 344 1970 Manliae
357 1912 469 1970 decreto
480 1924 591 1969 eautum
605 1924 655 1982 est,
669 1913 776 1987 nequis
789 1913 890 1970 deiude
905 1913 1017 1972 Marcus
1030 1915 1143 1972 Man-2⁰

181 1991 235 2048 lius
245 2001 396 2048 vocaretur.
437 1991 523 2048 Hune
536 1990 642 2048 exitum
655 1990 751 2048 habuit
765 1990 814 2056 vir,
835 1991 888 2046 uisi
903 1991 930 2047 iu
944 1990 1032 2048 libert
1045 1993 1112 2051 eivi-

181 2079 237 2124 tate
264 2083 345 2125 natue
371 2079 451 2138 esset,
475 2067 667 2125 memorabilis.
707 2067 841 2142 Populum
865 2068 949 2138 brevi,
969 2079 1111 2142 postquam

181 2145 336 2218 perieulum
350 2145 385 2200 ab
398 2164 431 2202 eo
445 2145 551 2201 nullum
564 2155 632 2218 erat,
644 2164 733 2220 perse
747 2146 1020 2220 ipsaareeordautem
1030 2147 1112 2204 virtu·

183 2233 234 2293 tes,
248 2222 416 2279 desiderium
435 2223 495 2298 ejus
507 2222 604 2280 tenuit.
644 2222 805 2280 Pestilentia
824 2223 907 2279 etiarn
921 2222 995 2280 brevi
1015 2243 1112 2282 conae-

184 2310 258 2366 outa‚
273 2300 355 2357 nullis
375 2301 584 2358 occurrentibus
603 2310 686 2358 tauta
706 2299 906 2366 olamucensis,
920 2319 955 2357 ex
969 2300 1145 2360 Mantianov

183 2377 318 2452 supplicio
331 2397 439 2452 magnae
462 2379 531 2452 parti
551 2379 638 2435 videri
659 2388 737 2435 orta:
772 2387 789 2413 “
801 2377 929 2434 violatum
944 2379 1112 2453 Capitolium

181 2463 204 2489 ·“
215 2473 276 2510 esse
290 2456 425 2530 sanguine
439 2455 601 2512 servatoris:
621 2455 745 2512 neoDiia
754 2454 830 2511 eordi
842 2454 925 2512 luisse
933 2475 1042 2530 poenam
1052 2456 1112 2531 ejus

186 2531 333 2587 “oblatam
348 2531 430 2605 prope
440 2531 529 2587 oeulis
541 2531 606 2602 suis,
625 2550 708 2606 aquo
731 2550 781 2589 sua
803 2532 905 2606 templa
917 2545 1011 2610 erepta
1027 2553 1043 2591 e
1056 2552 1113 2592 ma·

186 2616 204 2643 “
215 2606 298 2664 nibus
311 2607 429 2665 hostium
442 2608 562 2664 essent.”

1158 2589 1171 2646 l
