2638 4206
538 347 637 397 LIBER
653 348 697 396 IV.
716 360 775 397 unu.
787 361 837 396 rar.
1072 377 1074 385 2
1093 351 1147 411 lll

220 500 268 550 aut
280 500 340 568 post
351 491 454 548 bellum
467 490 599 547 dilaturos
612 509 672 546 esse
683 508 692 558 3
726 499 938 562 contentamque
959 487 1070 547 iuterim
1083 509 1149 548 con·

220 569 306 628 nubio
319 570 427 644 plebem
440 579 563 642 paratam
577 565 697 625 delectui
711 568 777 624 lore.
817 567 915 627 Quum
929 567 1080 643 Canulejus
1093 568 1150 625 vic·

220 647 289 704 toria
302 647 337 703 de
350 647 477 703 Patribus
491 657 519 702 et
531 645 618 718 plebis
642 644 732 702 favore
755 645 855 720 ingens
875 654 956 716 esset,
978 645 1089 702 accensi
1103 646 1150 704 alii

220 725 322 782 tribuni
336 725 370 781 ad
385 732 526 780 certamen
540 723 742 798 prorogatione
764 724 814 778 sud
837 723 944 779 summai
966 722 991 777 vi
1006 733 1149 798 pugnant,

200 813 257 871 set,
270 812 413 858 crescente
428 801 456 858 in
470 801 529 856 dies
543 800 616 856 famei
629 801 703 871 belli,
724 801 862 856 delectum
876 799 1037 873 impediunt
1077 801 1152 858 Con·
1211 822 1213 840 ¹

220 879 301 950 sules,
328 898 413 953 quum
442 897 491 954 per
511 889 647 948 senatum,
667 877 903 935 intercedentibus
929 878 1055 951 tribunis,
1082 879 1152 936 nibil

220 959 265 1032 agi
278 967 380 1031 posset,
394 957 508 1020 consilia
531 956 687 1032 principum
710 956 784 1017 domi
805 956 952 1018 hebebant.
993 956 1153 1030 Apparebat

221 1047 269 1092 aut
282 1035 406 1092 hostibus
419 1045 466 1090 aut
478 1035 585 1090 civibus
595 1035 631 1090 de
644 1033 758 1092 victorin
772 1033 985 1113 concedendum
998 1052 1068 1090 esse.
1102 1035 1151 1092 So-

221 1113 240 1169 li
253 1131 287 1176 eu
308 1113 498 1169 consularibus
520 1111 647 1168 Valerius
670 1123 751 1185 atque
775 1111 905 1168 Horatius
926 1130 982 1168 nou
1004 1111 1154 1169 intererant

191 1204 214 1243 ιο
223 1190 353 1247 consiliis.
392 1191 426 1247 C.
448 1190 558 1246 Claudii
573 1190 710 1246 sententia
730 1191 857 1246 consules
878 1189 1001 1245 armabat
1021 1189 1050 1245 in
1071 1190 1155 1246 tribu·

222 1286 290 1324 nos:
329 1268 520 1338 Quintiorum,
547 1267 762 1341 Cincinnatique
782 1279 810 1324 et
830 1267 989 1342 Capitolini,
1010 1268 1155 1324 sententiae

224 1345 408 1402 abhorrebant
427 1363 444 1400 u
463 1345 548 1413 caede,
576 1343 772 1420 violandisque,
792 1365 869 1419 quos,
891 1345 993 1400 foedere
1014 1344 1069 1402 icto
1089 1363 1155 1402 cum

226 1423 317 1496 plebe,
342 1433 530 1479 sacrosanctos
550 1423 730 1498 accepissent.
776 1423 829 1480 Per
843 1425 904 1480 haec
918 1422 1035 1479 consilia
1057 1421 1090 1479 ed
1105 1423 1156 1479 ‘de-

224 1501 309 1558 ductu
322 1519 366 1556 res
384 1511 435 1570 est,
450 1510 480 1556 ut
493 1500 619 1556 tribunos
642 1501 759 1558 militum
782 1499 919 1558 consolari
939 1510 1074 1575 potestate
1095 1519 1157 1589 pro·

193 1577 331 1640 asmiscud
345 1597 380 1634 ex
394 1577 520 1640 Patribus
534 1595 567 1638 ac
581 1577 660 1652 plebe
674 1579 761 1640 creari
776 1579 917 1646 sinerent3
947 1579 982 1637 de
996 1577 1158 1638 consulibus

224 1656 434 1712 creandis-nibil
456 1665 625 1711 mutaretur:
655 1675 742 1730 eoque
755 1658 878 1713 contenti
898 1656 1010 1726 tribuni,
1025 1665 1158 1716 contentu

224 1733 301 1807 plebs
315 1732 374 1790 luit.
414 1733 667 1798 Comitiatribunis
680 1734 817 1790 consulari
838 1744 971 1808 potestate
994 1733 1082 1792 tribus
1098 1752 1159 1792 cre·

224 1811 304 1868 andis
318 1811 493 1871 indicuntur:
521 1811 621 1884 quibus
634 1811 754 1881 indictis,
768 1810 915 1889 extemplo,
928 1811 1094 1885 quicumque
1108 1811 1158 1868 uli·

225 1888 290 1960 quid
304 1888 432 1945 seditiose
445 1889 553 1944 dixerat
566 1898 612 1945 aut
630 1889 742 1958 lecerat,
766 1889 848 1964 quiam
873 1889 992 1946 maxime
1005 1888 1156 1963 tribunicii,

191 1975 254 2020 aret
267 1983 394 2040 prensare
409 1966 544 2038 homines,
567 1976 596 2022 et
613 1985 778 2026 concursare
802 1977 858 2024 toto
872 1967 929 2026 loro
942 1967 1083 2028 candidati
1103 1985 1159 2024 coe·

227 2043 310 2115 pite:
331 2053 361 2101 ut
374 2042 503 2118 patricios
523 2043 677 2117 desperatio
699 2043 798 2119 primo,
822 2045 927 2107 irritati
948 2044 1159 2119 plebe‚·sdipis·

229 2118 313 2177 cendi
327 2119 448 2190 honoris,
462 2119 563 2176 deinde
577 2121 740 2196 indignatio,
754 2123 776 2179 si
790 2141 854 2179 cum
869 2123 913 2180 bia
926 2123 1073 2198 gerendus
1086 2131 1161 2178 esset

228 2196 323 2266 bonos,
338 2197 506 2266 deterreret3
527 2199 664 2271 postremd
678 2201 766 2256 coacti
780 2211 872 2257 tamen
889 2200 1079 2274 eprimeribus
1091 2199 1160 2276 peti-

190 2295 194 2304 *
227 2275 282 2344 dre,
296 2292 332 2333 ns
346 2275 462 2332 cessisse
475 2275 646 2348 possessione
660 2277 817 2350 reipublice
826 2277 992 2337 viderentur.
1033 2277 1158 2334 Eventus

194 2364 321 2410 saeorum
336 2352 626 2426 comitiorumdocuit,
648 2353 715 2413 alios
728 2354 834 2415 animos
848 2355 876 2414 ia
890 2353 1065 2414 contentione
1079 2353 1161 2410 libem

227 2428 290 2486 tatis
303 2429 507 2504 dignitatisque,
529 2430 606 2501 alios,
630 2431 783 2490 secundum
804 2431 928 2506 deposita
944 2429 1104 2501 certamina,
1118 2430 1162 2487 in·

228 2517 354 2581 corrupto
371 2507 477 2582 judicio
490 2527 569 2565 esse:
600 2508 724 2570 tribunos
747 2507 822 2565 enim
835 2527 932 2566 omnes
942 2509 1071 2583 patricios
1086 2525 1163 2564 cree-

229 2583 267 2639 vlt
279 2585 404 2658 populus,
418 2597 566 2648 contentus
579 2605 622 2658 eo,
645 2585 717 2660 quaid
738 2587 807 2648 ratio
830 2586 924 2647 habita
936 2586 1105 2662 plebejorum
1119 2605 1162 2643 es·

197 2654 280 2742 {set
320 2663 404 2722 Hanc
417 2664 576 2724 modestiam
598 2665 807 2739 aequitatemque
829 2676 858 2723 et
878 2663 1051 2725 altitudinem
1074 2663 1161 2722 animi

200 2742 217 2826 ἶ.
231 2739 277 2794 ubi
290 2758 367 2796 nuuc
381 2741 410 2796 in
423 2759 478 2798 uno
492 2742 639 2814 inveneris,
653 2760 714 2816 qum
728 2753 787 2799 tum
800 2743 892 2820 populi
906 2743 1027 2799 universi
1041 2742 1114 2800 fciat

200 2862 220 2974 :-
271 2892 337 2950 VII.
369 2894 453 2952 Anno
466 2863 660 2956 trecentesimo
674 2899 791 2973 decimo,
812 2900 894 2974 quim
912 2897 977 2956 urbs
990 2897 1163 2958 Romacon·

199 2969 290 3056 edita
302 2981 370 3038 erat.
384 2973 502 3046 primurn
515 2976 617 3035 tribuni
639 2977 759 3034 militurn
780 2997 828 3053 pro
849 2975 1009 3034 coarsulibus
1022 2974 1164 3050 magistra·

199 3062 226 3170 Ξ
233 3050 412 3184 toqlriqlgneunt,
433 3052 468 3107 A.
484 3053 663 3128 Sempronius
682 3055 835 3127 Atratinus,
857 3055 890 3112 L.
907 3053 1015 3125 Atilius,
1041 3052 1079 3111 Τ.
1102 3052 1165 3110 Coe·
