2638 4206
177 371 233 432 106
560 371 627 423 'rt'rt
642 375 724 428 utvtt

174 513 265 589 itaque
279 515 307 572 in
321 515 408 591 majus
427 516 509 573 etiem
524 509 653 592 acceptis,
675 530 705 576 ut
718 519 789 577 inter
807 519 948 596 strepitum
962 530 1002 578 tot
1015 519 1097 580 bello·

173 609 235 648 rum
248 593 467 650 conticescerent
480 595 601 651 actiones
615 596 778 669 tribuniciae,
791 598 914 654 delectus
925 598 1029 665 heberi,
1040 600 1096 655 bel·

172 667 229 723 lum
250 688 377 744 armaque
399 671 424 726 vi
447 675 552 726 summi
574 675 696 746 apparari
717 674 824 749 jubent,
849 676 871 731 si
891 674 944 749 qud
963 676 1095 732 intentids

170 747 264 817 possit,
285 748 366 820 qurim
380 747 416 804 T.
429 747 548 809 Quintio
568 751 681 806 consule
702 764 860 826 apparatum
880 753 922 809 sit.
963 753 1038 809 Tum
1060 754 1093 810 C.

171 822 322 899 Canulejus
334 843 423 898 pauca
442 826 471 882 in
484 838 581 881 senatu
597 827 769 896 vociferatus,
789 833 808 864 “
820 830 1003 903 nequidquam
1017 832 1093 887 terri·
1113 841 1128 882 5

169 902 279 958 “tando
292 903 419 959 consules
440 914 560 959 avertere
582 905 688 978 plebem
713 908 817 962 ecurt
839 924 970 963 novarum
983 907 1091 982 legum;

168 979 335 1052 “nunquam
359 998 406 1036 eos
427 999 456 1036 se
481 981 539 1037 vivo
560 981 697 1038 delectum
721 984 869 1050 habituros,
891 995 1034 1058 antequam
1048 1003 1091 1052 ee,

167 1057 253 1128 “quae
274 1058 444 1131 promulgata
470 1057 504 1114 ab
524 1077 554 1112 se
574 1059 740 1133 collegisque
763 1073 864 1127 essent,
887 1061 981 1136 plebes
999 1063 1092 1119 scivis-

166 1135 185 1168 “
197 1146 238 1189 set
248 1152 256 1202 3
266 1135 282 1160 '’
303 1145 331 1190 et
343 1134 486 1191 confestim
500 1136 534 1191 ad
548 1136 712 1193 concionem
726 1139 875 1195 advocavit.

713 1260 717 1280 ¹
962 1281 964 1286 .

205 1283 245 1346 ll.
266 1285 370 1346 Eodem
384 1301 505 1364 tempore
518 1301 546 1347 et
559 1291 686 1347 consules
699 1304 824 1348 senatum
846 1292 873 1349 in
887 1293 1037 1364 tribunum,
1059 1305 1087 1352 et
1099 1307 1122 1346 to

164 1367 289 1423 tribunus
302 1365 436 1440 populum'
451 1369 480 1423 in
504 1364 630 1424 consules
651 1369 791 1427 incitabat.
831 1371 980 1446 Negabant
993 1390 1090 1428 consu·

163 1444 213 1515 les,
234 1444 314 1518 “jam
329 1445 397 1501 ultrei
411 1445 473 1501 ferri
486 1464 564 1520 posse
579 1446 682 1502 furores
697 1448 875 1504 tribunicios:
909 1458 1020 1504 ventum
1031 1449 1088 1523 jum

165 1530 182 1558 “
195 1523 229 1577 nd
244 1523 327 1590 finem
340 1538 419 1590 esse3
452 1523 525 1579 domi
538 1523 599 1598 plus
612 1523 675 1580 belli
689 1526 831 1595 concitari,
845 1527 926 1598 quim
940 1525 1012 1582 foris.
1055 1527 1086 1582 ld

163 1599 263 1656 “ederi
277 1617 330 1655 non
352 1600 439 1673 plebis
451 1600 532 1674 quim
553 1600 674 1668 Petrum,
698 1617 787 1676 neque
808 1603 978 1660 tribunorum
1000 1604 1087 1678 magis

162 1676 273 1748 “qusint
293 1677 447 1749 consulum,
467 1678 546 1751 culpe
566 1678 711 1736 accidere:
733 1681 812 1754 cujus
831 1682 871 1736 rei
891 1681 1034 1755 premium
1049 1681 1083 1737 sit
1096 1693 1119 1733 1⁵

162 1753 219 1824 “in
240 1753 359 1824 civitate,
372 1771 433 1810 eam
453 1756 579 1810 maximis
598 1774 705 1828 semper
725 1759 851 1814 auctibus
871 1777 1012 1814 crescere:
1045 1758 1086 1814 sic

161 1831 180 1866 “
191 1848 258 1903 pace
273 1831 366 1902 bonos,
387 1832 427 1888 sic
447 1832 518 1888 bello
531 1831 598 1888 fieri.
630 1823 803 1890 'Maximum
824 1835 923 1892 Romae
942 1835 1086 1909 praemium

162 1908 353 1970 “seditionum
367 1927 446 1968 esse:
473 1909 501 1966 id
514 1921 542 1966 et
555 1910 670 1986 singulis
681 1913 867 1986 universisque
881 1929 988 1986 semper
1002 1913 1085 1968 hono·

160 1988 213 2050 uri
239 1990 330 2048 luisse.
382 1989 648 2062 Reminiscerentur,
676 2010 758 2064 quam
784 1988 954 2065 majestatem
974 1992 1085 2047 senstds

160 2071 237 2145 “ipsi
251 2090 267 2127 a
280 2071 400 2144 patribus
421 2067 600 2144 accepissent,
621 2087 703 2142 quern
724 2068 817 2124 liberis
836 2067 961 2125 tradituri
974 2077 1117 2136 essent32t1

160 2155 178 2186 “
191 2159 219 2204 ut
233 2149 469 2224 (quemadmodum
483 2147 560 2221 plebs
572 2147 681 2221 gloriari
695 2148 798 2223 posset)
808 2145 957 2202 auctiorem
971 2145 1084 2220 smplio-

158 2233 298 2300 “remque
312 2244 380 2282 esse.
420 2225 518 2282 Finem
530 2243 595 2299 ergo
609 2244 664 2280 non
678 2223 746 2295 fieri,
769 2243 823 2280 nec
837 2224 965 2289 suturam,
983 2222 1082 2289 donec,

158 2304 268 2377 “quim
283 2303 376 2360 selices
389 2303 547 2369 seditiones,
570 2313 626 2358 tam
640 2302 763 2358 honorati
777 2301 942 2382 seditionum
957 2310 1083 2356 suctores

158 2387 176 2418 “
187 2391 285 2438 essent.
324 2381 405 2441 Quas
418 2391 586 2454 quantusque
609 2398 652 2436 res
672 2373 704 2434 C.
719 2377 884 2453 Canulejum
902 2377 1081 2452 aggressum?

157 2463 176 2494 “
186 2458 367 2514 colluvionem
379 2459 511 2533 gentium,
526 2456 756 2531 perturbationem
767 2456 950 2529 auspiciorum
960 2455 1114 2527 publico-2⁵

157 2541 246 2590 “rum
260 2537 477 2608 privatorumque
491 2535 596 2600 efferre,
610 2533 723 2606 nequid
737 2533 847 2603 sinceri,
861 2551 897 2588 ne
910 2532 975 2606 quid
986 2532 1081 2587 incon-

155 2617 175 2648 “
186 2613 308 2668 taminati
322 2613 357 2668 sit
369 2632 376 2668 ι
389 2623 427 2681 ut,
442 2612 600 2668 discrimine
608 2611 683 2666 omui
694 2610 810 2676 soblem,
822 2629 876 2666 nec
886 2629 916 2666 se
926 2609 1078 2683 quisquam,

155 2695 238 2744 “nec
258 2708 321 2746 suos
340 2690 452 2746 noverit.
491 2689 586 2749 Quam
599 2689 674 2744 enim
694 2688 775 2744 elisrn
789 2688 844 2743 vim
865 2686 1005 2744 connubia
1017 2704 1078 2760 pro-

155 2770 173 2802 “
185 2765 290 2822 miscus
303 2767 412 2837 habere,
426 2767 479 2822 nisi
500 2776 530 2822 ut
549 2765 667 2822 ferarum
687 2767 769 2840 prope
783 2765 836 2822 ritu
850 2764 995 2839 vulgentur
1014 2781 1079 2820 con-

112 2839 117 2847 *
154 2845 292 2901 “cubitus
306 2845 393 2920 plebis
407 2844 590 2916 Petrumquel
623 2856 662 2914 ut,
682 2844 728 2916 qui
742 2853 823 2900 uatus
836 2843 879 2914 sit,
902 2843 1017 2916 ignoret,
1032 2850 1111 2898 (ιιι-30

152 2922 225 2996 “jus
238 2923 389 2997 sanguinis,
403 2939 517 2995 quorum
531 2939 669 2977 sacrorum
685 2921 719 2977 sit
727 2940 734 2989 3
763 2921 893 2978 dimidius
907 2919 1019 2976 Petrum
1032 2917 1077 2989 sit,

151 3004 170 3035 “
182 2999 311 3056 dimidius
323 3000 419 3075 plebis,
434 3017 470 3054 ne
490 3016 584 3054 secum
605 2999 715 3071 quidem
735 2999 793 3072 ipse
810 3015 934 3056 concors.
975 2995 1075 3082 Parum

151 3083 170 3113 ‘⁶
183 3075 210 3130 id
225 3077 318 3148 rideri,
332 3077 405 3151 quod
418 3077 511 3133 omnis
526 3076 619 3131 divine
639 3077 812 3149 humanaque
827 3075 987 3132 turbentur:
1017 3090 1075 3146 Jsm

152 3158 170 3190 “
182 3151 216 3208 ed
230 3151 400 3212 consulatum
414 3154 488 3228 vulgi
502 3154 654 3210 turbatores
667 3153 792 3228 accingi3
813 3164 841 3210 et
853 3148 951 3227 primd,
965 3160 995 3206 ut
1007 3149 1075 3206 alter

151 3230 277 3288 “consul
290 3231 416 3306 explebe
429 3232 515 3300 lieret,
530 3230 557 3286 id
572 3229 653 3287 nrodd
661 3221 832 3292 sermonibus
840 3230 960 3286 teutdsse
972 3247 978 3283 :
998 3243 1074 3282 nunc
1083 3234 1108 3273 ³⁵

151 3315 169 3345 “
181 3307 279 3382 rogari,
302 3319 340 3374 ut,
362 3327 410 3364 seu
430 3328 465 3366 ex
484 3308 620 3379 Patribus,
641 3327 689 3364 seu
709 3307 843 3382 explebe
863 3306 936 3376 velit,
956 3303 1073 3392 populus

147 3385 308 3442 “consules
321 3396 412 3442 creet:
443 3397 470 3443 et
483 3399 621 3444 creaturos
635 3386 708 3441 heud
727 3385 810 3443 dubie*
823 3383 952 3460 explebe
966 3382 1077 3438 sedrtro·

148 3467 168 3500 ‘⁴
180 3463 316 3520 sissinium
330 3481 474 3538 quemque.
514 3461 665 3536 Canulejos
678 3463 760 3538 igitur
780 3461 926 3535 Iciliosque
947 3457 1076 3548 consulps

149 3539 246 3597 “lere.
294 3541 340 3599 Ne
366 3542 393 3597 id
414 3541 521 3615 Jupiter
541 3540 670 3615 Optimus
696 3541 832 3598 tissimus
852 3540 963 3605 sineret,
991 3553 1076 3612 regim

150 3617 330 3692 “majestatis
341 3619 486 3693 imperium
499 3617 534 3675 ed
554 3617 696 3678 recidere:
728 3629 756 3676 et
769 3637 799 3674 se
819 3615 917 3674 millies
930 3609 1109 3674 moriturum

148 3694 280 3768 “potius
293 3698 376 3771 quim
390 3707 420 3752 ut
432 3707 537 3758 tuntum
550 3695 695 3752 dedecoris
708 3695 813 3752 admitti
827 3694 972 3768 patiuntur.
1006 3691 1076 3750 Cer·

147 3775 237 3831 “tum
250 3772 361 3842 bebere,
375 3773 491 3851 majores
513 3789 629 3849 quoque,
652 3771 676 3830 si
696 3773 875 3839 divinassent,
895 3767 1076 3831 concedendo
