2638 4206
535 373 635 426 LIBER
649 377 694 426 lx.
726 389 785 428 cas.
796 387 848 426 xrs.
1103 373 1155 434 161

228 508 391 576 efferentem
403 535 452 574 se:
472 514 608 590 Romanis
620 518 699 576 multi
719 516 845 588 fuissent,
863 513 1031 584 Alexandro,
1044 513 1087 572 rel
1100 515 1157 592 glo·
1193 506 1196 512 ’

230 595 280 662 rii,
294 595 335 652 sel
348 612 439 652 rerum
452 596 652 670 magnitudine,
665 614 745 670 pares
753 616 760 665 ;
781 611 895 668 quorum
905 610 956 650 suo
966 592 1081 666 quisque
1091 593 1156 666 fato,

231 671 291 728 sine
303 671 413 747 publico
425 673 594 742 discrimine,
609 673 710 730 viveret
723 681 936 745 morereturque.

268 825 352 883 XIX.
373 827 483 895 Restat,
502 838 533 886 ut
551 828 638 904 copis
657 827 745 902 copiis
764 835 966 902 comparentur,
986 824 1029 881 vel
1043 841 1158 882 numero
1250 826 1256 844 “

100 953 109 960 .
209 903 272 967 srel
285 903 401 961 militum
415 923 526 980 genere,
540 906 582 974 vel
601 905 775 964 multitudine
787 903 959 962 auxiliorum.
999 903 1158 958 Censeban·

229 992 273 1038 tur
286 982 347 1056 ejus
367 983 453 1040 etatis
472 983 564 1040 lustris
577 983 686 1040 ducena
705 984 897 1057 quinquagena
917 979 1003 1036 millia
1026 980 1156 1054 capitum.

228 1057 336 1133 Itaque,
351 1059 379 1116 in
392 1061 468 1118 omni
480 1061 636 1120 defectione
649 1061 786 1118 sociorum
804 1058 895 1116 Latini
909 1057 1038 1128 nominis,
1052 1058 1158 1115 urbano

229 1139 312 1211 prope
322 1137 537 1196 delectudecem
547 1139 737 1197 scribebantur
746 1134 1157 1213 legionessquaterniquinique

230 1214 366 1272 exercitus
385 1235 457 1291 sepe
475 1235 584 1291 percos
604 1235 691 1274 annos
709 1217 738 1273 in
753 1215 873 1284 Etrurii,
886 1213 916 1269 in
929 1212 1053 1278 Umbris,
1071 1212 1158 1268 Gallis

200 1315 223 1356 ιο
231 1290 355 1349 hostibus
368 1293 513 1369 adjunctis,
534 1295 563 1350 in
584 1295 706 1367 Samnio,
721 1295 750 1351 in
765 1292 887 1350 Lucanis
899 1289 1032 1365 gerebant
1045 1289 1156 1346 bellurn.

230 1367 341 1426 Latium
355 1370 454 1428 deiude
467 1389 549 1430 omns
568 1389 633 1428 cunr
655 1371 774 1442 Sabinis,
787 1381 816 1426 et
827 1367 945 1438 Volscis,
960 1377 988 1424 et
1001 1367 1108 1441 AEquis‚
1129 1377 1158 1424 et

229 1447 305 1503 omni
319 1447 482 1524 Campania,
495 1459 523 1507 et
534 1459 610 1524 parte
623 1445 744 1506 Umbris
758 1447 936 1520 Etruriaeque,
950 1455 978 1502 et
986 1444 1156 1512 Picentibus,

191 1589 193 1594 y
229 1534 258 1579 et
271 1523 380 1596 Marsis,
394 1525 579 1602 Pelignisque,
592 1545 626 1584 ac
638 1527 771 1593 Vestinis,
796 1537 877 1599 atque
896 1523 1003 1597 Apulis,
1017 1523 1158 1597 adjuncti-

229 1617 282 1674 que
295 1603 371 1660 omni
383 1603 432 1660 orti
445 1605 604 1663 Grecorum
618 1604 704 1660 Inferi
718 1604 800 1661 maris
813 1601 955 1659 aThuriis
967 1599 1116 1674 Neapolim
1129 1609 1158 1656 et

199 1701 221 1744 rt
230 1675 341 1749 Cumas,
356 1690 383 1738 et
396 1679 461 1738 inde
475 1681 561 1740 Antio
574 1693 656 1756 atque
669 1681 756 1739 Ostiis
770 1690 850 1738 tenus
864 1678 1012 1747 Samnites,
1026 1686 1075 1734 sut
1087 1677 1158 1736 scci-

228 1773 259 1812 os
272 1756 374 1814 validos
387 1757 532 1827 Romanis,
546 1770 594 1817 aut
607 1758 707 1816 fractos
725 1759 797 1816 bello
809 1755 960 1814 invenisset
973 1755 1072 1812 hostes.
1112 1753 1158 1830 lp.

229 1849 258 1889 se
279 1834 430 1909 trajecisset
449 1855 524 1894 mare
545 1835 609 1894 cuin
629 1837 765 1894 veteranis
785 1833 997 1904 Macedonibus,
1021 1851 1076 1890 non
1096 1831 1158 1907 plris

228 1911 341 1984 triginta
365 1913 485 1970 millibus
504 1915 655 1982 hominurn,
676 1925 705 1971 et
732 1925 847 1988 quatuor
875 1911 996 1968 millibus
1023 1909 1156 1983 equiturn,

180 1987 183 1996 ⁴
228 1988 347 2044 maxime
361 1988 573 2048 Thessalorum:
594 1993 647 2048 hoo
660 1993 734 2049 enim
752 1991 856 2048 roboris
875 1999 941 2045 erat.
981 1987 1089 2060 Persas,
1109 1986 1156 2044 In·

195 2065 427 2140 coronatusque
452 2068 475 2124 si
500 2069 669 2144 adjunxisset
694 2078 799 2144 gentes,
820 2066 1047 2141 impedimentum
1067 2064 1156 2140 majus

228 2140 312 2216 quim
325 2143 456 2202 auxilium
468 2146 597 2203 traheret.
636 2147 726 2214 Adde,
738 2145 810 2220 qubd
833 2142 970 2201 Romanis
989 2143 1024 2198 ad
1043 2159 1156 2199 manum

228 2220 302 2276 domi
316 2222 534 2296 supplementum
548 2233 638 2281 esset:
670 2224 828 2281 Alexandro
842 2221 926 2295 (quod
939 2230 1034 2295 postea
1046 2218 1156 2276 Hanni-

229 2297 282 2354 bsli
297 2298 423 2378 accidit),
436 2299 527 2358 alieno
540 2300 568 2359 in
582 2319 647 2376 agro
667 2300 787 2368 bellanti,
801 2297 940 2355 exercitus
953 2297 1154 2354 consenuisset.

228 2376 323 2446 Arma,
345 2376 457 2452 clypeus
477 2379 636 2453 sarissaeque
656 2379 727 2447 iliis;
761 2377 890 2434 Romano
915 2385 1034 2440 scutum,
1065 2374 1155 2449 majus

195 2454 332 2528 escorpcri
347 2465 545 2530 tegumentum,
560 2465 588 2512 et
600 2457 696 2532 pilum,
710 2455 783 2512 haud
796 2454 886 2529 paulb,
907 2450 990 2526 qudm
1004 2453 1089 2522 hasta,
1104 2469 1155 2514 ¹ve·

227 2530 383 2590 hementius
402 2533 460 2590 ictu
478 2533 617 2610 missuque
639 2534 733 2590 telum.
773 2531 909 2588 Statarius
931 2539 1045 2604 uterque
1065 2529 1153 2600 miles,

226 2608 337 2665 ordines
366 2629 491 2668 servans:
524 2611 573 2668 sed
597 2611 645 2669 ills
675 2609 794 2687 phalanx
827 2607 983 2679 immobilis,
1015 2618 1043 2665 et
1070 2608 1155 2666 unius

226 2687 354 2760 generis:
374 2687 503 2748 Romana
515 2689 590 2747 acies
600 2689 763 2761 distinctior,
776 2707 810 2744 ex
820 2687 944 2761 pluribus
952 2685 1074 2760 partibus
1087 2704 1155 2744 oon·

227 2774 321 2833 stans;
341 2764 429 2822 facilis
443 2767 580 2841 partienti,
603 2769 782 2842 qudcumque*
796 2783 865 2840 opus
884 2771 964 2831 esset,
985 2763 1073 2819 facilis
1089 2763 1153 2837 jun·

194 2841 312 2914 sugenti.
351 2839 414 2898 Jam
428 2842 456 2899 in
469 2863 550 2918 opere
563 2845 624 2918 quis
636 2865 685 2920 par
700 2845 828 2901 Romano
841 2843 920 2898 miles
932 2844 943 2896 l
963 2840 1026 2914 quis
1037 2840 1072 2896 ad
1086 2839 1153 2896 tole·
1180 2843 1182 2850 ‘

226 2918 342 2974 randum
362 2919 482 2978 laborem
502 2922 618 2980 meliori
667 2921 730 2979 Uno
752 2921 848 2996 proelic
873 2919 961 2976 victus
982 2917 1152 2984 Alexander,

225 2994 297 3052 bello
310 2996 489 3055 rictnsesset.
529 2997 698 3065 Romanum,
712 3017 793 3072 quem
808 2996 955 3064 Caudium,
976 3012 1057 3067 quern
1079 2995 1153 3052 Can·

224 3087 268 3129 nae
281 3091 336 3131 non
351 3073 498 3149 fregerunt,
512 3095 572 3150 quae
586 3076 714 3152 fregisset
726 3077 824 3134 aciesl
864 3073 926 3139 Nae,
941 3071 986 3128 ille
1000 3090 1080 3145 saepe,
1103 3072 1153 3130 eti·

224 3150 292 3206 amsi
305 3151 393 3226 prima
404 3153 532 3228 prospere
545 3152 709 3224 evenissent,
723 3154 820 3210 Persas
833 3162 860 3208 et
874 3150 959 3206 Indos
971 3159 999 3206 et
1011 3148 1151 3209 imbellem

192 3225 321 3284 ssAsiam
333 3229 483 3302 quaesisset,
497 3244 525 3287 et
538 3249 602 3288 cum
616 3232 735 3288 foeminis
748 3231 802 3288 sibi
814 3229 916 3286 bellum
927 3227 1011 3283 fuisse
1019 3227 1150 3286 dixisset:

223 3306 295 3378 quod
320 3305 398 3382 Epiri
422 3326 516 3384 regem
536 3308 734 3376 Alexandrum,
764 3307 902 3364 mortifero
922 3305 1033 3362 vulnere
1052 3306 1149 3376 ictum,

223 3381 325 3440 dixisse
345 3384 445 3458 ferunt,
465 3398 564 3443 sortem
585 3388 717 3444 bellorum
741 3386 770 3442 in
797 3385 864 3441 Asiei
883 3394 1020 3460 gestorum
1041 3383 1150 3439 abhoc

223 3459 282 3532 ipsc
291 3459 393 3536 jurene
407 3481 471 3520 cum
484 3464 535 3520 suri
548 3465 745 3522 conferentem.
784 3461 930 3536 Equidem,
943 3479 1027 3534 quum
1040 3477 1089 3532 per
1102 3478 1150 3516 an·

223 3555 274 3594 nos
285 3550 399 3613 qiratucr
412 3550 440 3597 et
453 3541 549 3616 viginti
562 3543 650 3617 primo
663 3542 769 3599 Punico
783 3541 854 3597 bello
865 3539 997 3600 classibus
1010 3547 1148 3595 certatum

190 3630 288 3671 sucum
301 3615 394 3674 Ptenis
407 3620 543 3685 recordor,
558 3619 602 3676 vix'
624 3631 732 3677 etatem
746 3617 901 3676 Alexandri
919 3617 1095 3673 suffecturam
1108 3615 1150 3672 fu·

221 3692 276 3750 isse
289 3711 349 3749 reor
362 3696 397 3750 ad
410 3715 496 3753 unum
504 3697 623 3754 bellum:
644 3709 671 3754 et
679 3698 801 3767 forsitan,
812 3710 895 3770 quum
906 3705 935 3750 et
945 3691 1093 3749 foederibus
1103 3709 1149 3748 ve·

159 3831 163 3838 ,
221 3772 301 3830 tueris
311 3771 409 3848 juncta
422 3773 579 3908 Punicppps
591 3775 726 3833 Romane
736 3785 822 3841 esset,
832 3783 860 3830 et
871 3773 951 3830 timor
961 3787 1010 3845 par
1018 3769 1150 3827 adversus
