2622 4194
160 305 208 382 tn
551 311 621 368 rm
636 315 718 368 nrm
760 317 766 330 ·
857 329 859 337 ·

169 478 255 539 quum
280 459 430 527 decresset,
455 454 600 534 qnisquam
620 459 835 536 obtemperabat
886 459 925 520 vt
949 461 1105 540 spoliatura
1128 489 1133 498 ¹

170 551 316 612 metusque
329 536 420 595 omnis
432 546 461 594 et
473 537 626 613 periculum
648 537 792 608 libertatis,
813 557 897 614 quum
910 541 940 598 in
954 555 1105 620 conspectu

106 633 110 642 ⁸
162 617 294 676 'consulis
308 614 410 691 singuli
424 633 441 672 a
453 615 578 692 pluribus
590 615 766 689 violarentur,
787 618 817 674 in
838 619 988 677 creditores
1001 640 1019 677 a
1030 619 1108 682 debi-

170 695 277 754 toribus
299 704 448 752 verterent.
489 694 577 768 Super
591 695 651 750 haec
672 694 753 752 timor
774 695 895 761 incessit,
908 697 1006 756 Sabini
1019 700 1108 778 belli3

161 774 336 853 *delectuque
359 772 480 840 decreto,
504 789 586 828 nemo
609 791 711 830 nomen
732 774 817 841 dedit,
839 775 947 832 furente
965 776 1065 853 Appio,
1080 788 1142 836 ets

171 852 327 910 insectante
340 849 519 908 ambitionem
533 849 663 926 collegae,
692 851 739 926 qui
762 853 886 928 populari
907 853 1018 913 silentio
1037 875 1110 924 rern-¹
1154 875 1159 884 ‘

170 930 312 1006 publicam
325 929 463 1004 proderet,
486 943 515 986 et
537 929 572 984 ad
592 929 630 998 id,
650 927 722 1003 quiid
744 929 779 986 de
799 931 906 1003 crediti
925 932 1047 1008 pecunie
1063 934 1110 1010 jus

172 1027 229 1066 non
243 1008 366 1075 dixisset,
381 1007 521 1082 adjiceret,
537 1018 567 1064 ut
588 1025 625 1063 ne
648 1008 786 1064 delectum
800 1009 913 1083 quidem
933 1029 969 1084 err
988 1015 1111 1085 senates-

173 1085 299 1159 cousulto
314 1086 445 1146 haberetr
466 1090 550 1142 “non
563 1103 623 1142 esse
643 1096 736 1142 tamen
757 1087 893 1158 desertam
911 1089 1027 1151 omnino
1039 1109 1111 1154 rem·

173 1171 194 1202 “
204 1165 354 1241 publicam,
380 1181 471 1238 neque
501 1163 654 1239 projectum
684 1165 829 1222 consulare
862 1165 1018 1241 imperium.
1073 1169 1144 1234 Selt
1212 1217 1216 1220 .

103 1268 111 1316 ,¹
172 1243 567 1301 “unumetsuaeetPatrum
581 1242 883 1320 mejestatisrindicem
897 1245 981 1301 Iore.'’
1011 1245 1111 1307 Quum

155 1389 157 1395 ,
174 1322 368 1381 circumstaret
392 1321 555 1395 quotidiana·
571 1320 716 1378 multitudo
742 1321 857 1379 licentii
877 1341 1006 1394 accensa,
1028 1324 1111 1400 arripi

161 1419 263 1474 ,unum
289 1399 427 1474 insignem
449 1399 550 1459 ducem
570 1397 736 1468 seditionum
759 1401 849 1475 jussit.
903 1401 963 1469 Ille,
989 1420 1112 1478 quomo

174 1477 318 1536 lictoribus
336 1477 402 1552 jam.
417 1478 580 1543 traheretur,
597 1477 769 1556 provocavit:
797 1497 851 1535 nec
868 1479 997 1540 cessisset
1016 1499 1113 1558 provo·

175 1557 279 1614 cationi
293 1556 400 1622 consul,
414 1556 479 1630 quia
499 1574 554 1613 non
576 1553 690 1612 dubium
703 1551 761 1612 er'at
784 1557 878 1631 populi
895 1557 1043 1632 judicium,
1058 1559 1111 1617 nisi
1122 1573 1146 1614 rs

175 1635 251 1710 aegre
272 1635 345 1691 victa
371 1633 525 1710 pertinacia
537 1633 614 1700 soret,
642 1629 757 1707 consilio
777 1635 866 1710 magis
893 1643 921 1691 et
948 1637 1112 1695 auctoritate

176 1712 343 1788 principum,
358 1711 441 1784 quim
455 1709 549 1786 populi
563 1712 681 1767 clamore
693 1729 700 1766 ι
721 1710 791 1767 adeo
804 1724 966 1788 supererant
979 1714 1064 1788 animi
1078 1717 1113 1773 ad

175 1787 367 1848 sustinendam
382 1789 523 1845 invidiam.
563 1787 694 1845 Crescere
715 1787 780 1845 inde
800 1790 903 1864 malum
924 1791 1036 1862 indies,
1056 1811 1114 1851 non

177 1867 346 1936 clamoribus
359 1865 441 1924 modi>
454 1867 562 1942 apertis,
584 1861 639 1937 sed,
654 1866 726 1941 quod
744 1863 833 1925 'multo
848 1869 1031 1946 perniciosius
1044 1882 1113 1941 eret,

77 1981 81 1996 ι
162 1947 337 2014 ,secessione
350 1945 523 2020 occultisque
536 1943 685 2019 colloquiis.
726 1945 857 2004 Tandem
871 1947 951 2005 invisi
965 1948 1038 2024 plebi
1049 1964 1148 2006 con-ao

177 2025 251 2114 eules
264 2025 426 2100 magistratu
439 2023 551 2104 abeunt,
575 2023 706 2100 Servilius
722 2019 838 2100 neutris,
859 2025 969 2101 Appius
987 2027 1114 2086 Patribus

177 2101 247 2161 mare
261 2114 364 2180 gratus.

115 2241 117 2250 Ι
216 2260 361 2320 XXVIII.
383 2259 574 2338 A.·Virginius
584 2259 647 2319 Inde
659 2271 687 2320 et
697 2261 734 2319 Τ.
748 2233 881 2336 Vetusius
892 2263 1065 2321 consulatum
1074 2263 1161 2328 in?-

70 2399 75 2413 ,
176 2351 255 2398 ¹eunt.
295 2340 373 2397 Tum
387 2340 451 2397 uerri
461 2341 563 2415 plebes,
573 2341 678 2398 incerta
691 2341 786 2414 quales
794 2328 921 2398 habitura
932 2343 1061 2400 consules
1074 2361 1116 2399 es·
1129 2349 1143 2392 ⁵²

95 2455 96 2458 =
178 2430 230 2488 set,
243 2429 333 2484 coetue
346 2414 507 2484 nocturnos
518 2436 581 2490 pars
588 2417 728 2491 Esquiliis,
738 2437 801 2493 pars
811 2419 841 2475 in
849 2419 1001 2487 Aventino,
1012 2421 1114 2492 sacere3
1129 2407 1149 2494 ἓ

182 2513 219 2552 ne
233 2497 262 2552 in
277 2496 334 2552 soro
349 2496 447 2551 subitis
460 2496 607 2570 trepidaret
617 2496 749 2568 consiliis,
763 2497 892 2554 etomnia
902 2497 1007 2556 temere
1019 2517 1053 2556 ac
1064 2498 1116 2556 sor·
1129 2545 1143 2571 ,‚

179 2571 361 2648 retroageret.
403 2572 474 2631 Earn
487 2591 545 2629 rem
555 2572 750 2641 consulesrati,
760 2586 791 2632 ut
801 2587 869 2644 erat,
877 2577 1071 2651 perniciosam,
1081 2577 1115 2634 ad
1130 2577 1145 2652 ξ»

180 2651 277 2708 Patres
289 2651 434 2708 deferunt:
456 2652 504 2707 sed
519 2652 635 2708 delatam
658 2653 803 2710 consulere
822 2655 921 2711 ordine
940 2673 997 2712 non
1018 2655 1150 2746 tiouirzg

179 2727 250 2786 adeo
262 2729 429 2788 tumultuose
443 2741 561 2804 excepta
580 2741 621 2786 est
633 2731 799 2792 clamoribus
811 2732 935 2808 undique
948 2744 976 2790 et
991 2733 1151 2810 indigna-22

179 2809 255 2866 tione
269 2809 391 2880 Petrum,
406 2807 439 2874 si,
453 2810 525 2882 quod
540 2807 652 2884 imperio
666 2809 803 2884 consulari
818 2811 1026 2886 exsequendum
1035 2826 1115 2882 esset,
1125 2815 1151 2854 ³⁰

179 2888 312 2944 invidiam
329 2887 389 2964 ejus
412 2887 542 2944 consules
562 2887 595 2944 ad
615 2897 742 2945 senatum
762 2885 919 2966 rejicerent.
960 2889 1117 2947 “Profecto
1149 2897 1152 2902 '

181 2971 201 3003 “
211 2966 234 3022 si
248 2981 343 3022 essent
357 2967 385 3022 in
400 2965 550 3040 republict'
562 2967 746 3044 magistratus,
768 2968 874 3024 nullum
895 2968 1017 3025 futurum
1032 2967 1118 3024 luisse

181 3047 200 3080 ‘⁴
211 3043 321 3110 Romae,
342 3045 397 3100 nisi
419 3043 571 3118 publicum,
594 3045 753 3107 concilium.
794 3045 880 3104 Nunc
893 3047 923 3102 in
936 3045 1011 3102 mille
1024 3045 1118 3102 curias

172 3125 201 3174 ,“
212 3121 416 3196 concionesque
432 3121 528 3198 (quum
542 3121 595 3193 ulia
608 3122 636 3180 in
647 3121 787 3200 Esquiliis,
797 3125 851 3180 alia
860 3113 1041 3198 ip'Aventino
1050 3121 1119 3179 fiant

183 3202 200 3234 ‘¹
211 3197 344 3276 concilia)
354 3200 505 3275 dispersam
512 3210 541 3257 et
548 3200 705 3275 dissipatam
714 3219 775 3274 esse
783 3200 991 3276 rempublicam.
1011 3200 1153 3270 Unum,³⁵

183 3281 202 3314 “
214 3275 347 3346 Hercule,
363 3277 450 3334 virum
467 3278 509 3354 (id
521 3277 596 3335 euim
608 3277 670 3353 plns
678 3275 749 3346 esse,
757 3281 839 3355 quim
849 3279 1016 3359 consulem),
1029 3278 1119 3354 qualis

182 3360 201 3393 ‘⁴
213 3355 268 3431 Ap.
293 3354 429 3412 Claudius
442 3356 532 3422 fuerit,
546 3367 686 3425 momento
698 3355 830 3432 temporis
849 3359 1040 3416 discussurum
1058 3358 1120 3416 illos

183 3438 202 3471 ‘⁶
213 3445 302 3491 coetus
316 3433 430 3490 fuisse.'’
452 3434 578 3510 Correpti
586 3435 718 3512 consules
727 3454 822 3510 quum,
836 3433 901 3512 qnid
915 3455 980 3512 ergo
989 3456 1018 3494 se
1027 3437 1119 3494 facere

183 3511 285 3569 delient
300 3510 383 3588 (nibil
391 3511 466 3567 enim
474 3513 587 3592 segnius
597 3512 749 3581 molliusve,
763 3515 845 3589 quim
860 3515 988 3572 Patribus
1000 3515 1119 3592 placeat,

183 3592 316 3668 acturos),
342 3586 579 3666 percontarentur,
612 3590 777 3662 decernunt,
803 3604 835 3650 ut
866 3592 1011 3668 delectumv
1038 3594 1153 3669 quomtt

183 3667 350 3725 acerrimum
363 3665 498 3724 habeant:
526 3668 728 3742 otiotlascirire
749 3670 866 3746 plebem.
907 3669 1030 3731 Dimisso
1043 3689 1121 3729 sene·

182 3752 223 3814 tu,
237 3746 366 3804 consules
380 3745 409 3802 in
422 3743 542 3804 tribuual
553 3747 744 3806 adscendunt:
773 3747 861 3807 citant
873 3750 1038 3810 nominatim
1048 3747 1121 3826 junii
