2638 4206
515 331 623 384 «marn
638 333 680 382 vr.
707 345 819 384 araxe
979 335 985 346 ·
1090 335 1146 396 m

208 471 249 536 Q
261 471 397 534 Publilius
410 473 513 534 tribuni
527 475 624 549 plebis,
649 481 668 512 ‘⁴
678 474 758 536 Quid
782 475 894 532 Petrum
907 484 938 532 et
956 475 1045 550 plebis
1057 488 1145 538 certa-

191 558 310 608 ·“men
329 551 455 624 facimus,
469 553 542 626 quod
563 553 682 609 civitatis
702 571 763 609 esse
784 553 914 609 adversus
934 571 1020 610 unum
1034 556 1145 630 pestile-

210 634 301 688 “rum
328 631 416 688 civem
438 631 539 686 debetl
577 629 657 691 Quid
681 649 746 686 curn
766 631 847 704 plebe
868 632 1044 706 aggredimur
1069 649 1143 705 eum,

210 712 229 748 “
239 725 321 781 quem
335 727 383 781 per
397 709 484 782 ipsam
497 708 606 782 plebem
621 709 706 765 tutius
714 709 827 782 aggredi
839 719 890 775 est,
900 710 998 766 utsuis
1008 711 1067 785 ipse
1077 729 1145 768 one·

175 789 228 860 r·5“
238 799 313 842 ratus
323 787 426 845 viribus
438 789 517 843 ruatl
538 786 620 842 Diem
630 787 724 843 dicere
733 787 758 842 ei
767 787 847 853 nobis
858 787 886 843 in
896 788 988 844 animo
995 799 1053 845 est:
1074 789 1143 846 nihil

176 864 178 868 ’
209 863 328 920 “minue
341 865 471 938 populare
492 862 574 938 quim
596 883 711 939 regnum
726 875 775 920 est.
816 865 905 920 Simul
928 866 1075 924 multitudo
1097 867 1144 923 illu

208 945 293 999 “uon
307 961 404 1000 secum
418 944 516 1000 certari
537 943 664 1012 viderint,
687 954 715 998 et
737 959 772 998 ex
794 943 935 1000 advocatis
953 944 1063 1019 judices
1077 944 1143 1002 faeti

207 1023 325 1091 “erunt
340 1031 368 1076 et
382 1032 557 1078 accusatores
578 1022 613 1076 de
627 1020 716 1095 plebe,
736 1021 881 1094 patricium
900 1039 977 1078 reum
996 1022 1144 1079 intuebun-

206 1102 225 1134 “
236 1108 287 1168 tur,
302 1110 330 1154 et
343 1099 421 1174 regni
436 1099 541 1156 crimen
555 1099 584 1155 iu
598 1099 708 1167 medio;
730 1099 798 1154 nulli
812 1100 910 1174 magis,
924 1100 1007 1174 quim
1021 1099 1142 1158 libertati

174 1179 226 1238 tu“
236 1175 366 1233 favebunt
379 1178 463 1233 suae.”

243 1331 311 1390 XX.
345 1333 572 1408 Approbantibus
593 1332 712 1405 cunctis,
726 1333 799 1389 diem
814 1333 921 1392 Manlio
934 1335 1048 1392 dicunt:
1068 1336 1142 1409 quod

204 1411 252 1470 ubi
266 1422 308 1467 est
322 1411 435 1481 factum,
449 1410 690 1484 primbcommota
710 1412 788 1486 plebs
808 1423 859 1485 ost,
881 1413 975 1486 utique
998 1424 1141 1506 postquam

204 1489 375 1546 sordidatum
389 1507 466 1544 reum
480 1489 626 1556 viderunt3
654 1507 708 1545 neo
722 1509 786 1545 cum
807 1509 840 1546 eo
863 1509 918 1546 non
933 1491 1015 1547 modu
1028 1491 1141 1548 Patmm

204 1585 381 1640 quemquam,
396 1567 445 1622 sed
459 1585 496 1623 ne
509 1579 641 1640 cognatos
655 1567 766 1639 quidem
780 1567 941 1635 autaffines,
955 1567 1093 1642 postremi>
1104 1587 1141 1626 ne

171 1645 300 1706 ulratres
313 1644 435 1717 quidem,
451 1645 486 1699 A.
500 1655 530 1700 et
542 1645 579 1700 Τ.
595 1645 733 1700 Manlios:
767 1645 839 1718 quod
854 1646 888 1701 ad
902 1665 966 1702 eum
981 1645 1055 1703 diem
1069 1665 1142 1704 nun·

203 1741 284 1796 quam
308 1741 360 1778 usu
382 1722 510 1788 venisset,
532 1733 562 1778 ut
585 1723 613 1778 in
634 1733 711 1778 tauto
731 1722 891 1779 discrimine
913 1743 968 1780 non
983 1735 1011 1780 et
1022 1724 1140 1798 proximi

187 1813 306 1866 xrestem
320 1810 478 1857 mutarent:
499 1801 553 1874 Ap.
568 1800 688 1857 Claudio
701 1801 730 1856 in
744 1801 855 1865 vincula
868 1801 962 1868 ducto,
977 1801 1010 1857 O.
1026 1801 1140 1859 Claudi·

203 1897 249 1935 um
277 1878 422 1934 inimicum
457 1878 660 1952 Claudiumque
689 1897 801 1934 omnem
833 1890 945 1953 gentem
972 1879 1140 1938 sordidatam

203 1955 305 2013 fuisse:
335 1975 472 2012 consensu
494 1957 610 2030 opprimi
633 1957 793 2030 popularem
817 1957 915 2022 virum,
937 1957 1010 2031 qubd
1033 1957 1151 2031 primus

168 2053 220 2095 soa
243 2033 371 2090 Patribus
393 2033 427 2088 ad
448 2033 557 2107 plebem
579 2033 740 2106 defecisset„
774 2034 873 2094 Quum
896 2033 956 2090 dies
970 2034 1054 2106 venit,
1068 2053 1139 2108 qua,

202 2115 301 2187 p'rtuter
314 2121 402 2166 cretus
416 2110 600 2166 multitudinis
609 2111 806 2186 seditiosasque
821 2131 909 2182 voces,
924 2123 952 2170 et
965 2112 1140 2187 largitionem

188 2196 232 2246 ‘et
245 2189 327 2246 fallax
341 2188 484 2258 indicium,
499 2188 665 2262 pertinentia
682 2191 789 2264 proprie
810 2191 843 2244 ad
865 2191 943 2264 regni
965 2191 1080 2260 crimen,
1105 2191 1140 2246 ab

203 2265 410 2324 accusatoribus
423 2266 532 2340 objecta
545 2266 600 2321 sint
613 2283 669 2332 reo,
688 2269 761 2341 apud
785 2267 925 2322 neminem
939 2277 1079 2324 auctorem
1098 2269 1140 2324 in·

202 2345 301 2402 renio:
322 2363 377 2401 nec
390 2344 487 2400 dubito
501 2345 573 2400 baud
588 2343 778 2417 pervaluisse,
799 2363 883 2418 quum
898 2345 1049 2401 damnandi
1063 2362 1141 2402 mora

168 2422 274 2499 saplebi
288 2442 345 2479 non
361 2423 388 2478 in
403 2424 495 2492 causa,
521 2421 611 2478 sedin
626 2421 697 2493 loco,
712 2422 802 2478 suerit.
843 2421 915 2478 lllud
930 2423 1082 2479 notandum
1102 2423 1141 2479 vi·

113 2535 118 2548 ι
201 2503 290 2571 detur,
304 2514 334 2557 ut
347 2500 586 2566 scianthomines,
601 2517 662 2573 quae
676 2511 703 2556 et
716 2510 819 2573 quanta
832 2499 933 2556 decora
947 2501 1020 2556 stada
1033 2501 1140 2576 cupidi-

200 2589 244 2636 tas
256 2579 335 2654 regni
349 2597 405 2634 non
429 2577 537 2653 ingrata
557 2579 658 2647 soldm,
681 2577 730 2634 sed
752 2577 840 2634 invisa
861 2577 952 2648 etium,
977 2578 1138 2636 redidderit.

178 2647 184 2662 ’
200 2657 337 2714 Homines
350 2657 432 2731 prope
446 2657 663 2732 quadringentos
684 2655 846 2730 produxisse
865 2656 976 2728 dicitur,
989 2657 1090 2730 quibus
1103 2657 1139 2713 si·

200 2753 236 2792 ne
251 2735 354 2790 foenore
367 2753 504 2808 expensas
517 2735 651 2809 pecunias
672 2734 787 2804 tulisset,
811 2750 927 2808 quorum
941 2734 1014 2791 bona
1033 2734 1137 2804 venire,

167 2829 268 2886 ecquos
281 2812 346 2867 duci
365 2812 489 2867 addictos
512 2812 703 2886 prohibuisset.
745 2812 791 2866 Ad
813 2812 883 2881 hae'c,
905 2813 1007 2868 decora
1027 2828 1137 2885 quoque

200 2889 265 2946 belli
279 2907 335 2945 non
356 2891 586 2945 commemorasse
600 2889 719 2958 tantbm,
735 2890 783 2945 sed
797 2889 942 2964 protulisse
963 2888 1047 2944 etiam
1070 2905 1137 2944 con·

199 2967 362 3042 spicienda3
383 2963 468 3042 spolia
482 2966 600 3023 hostium
614 2985 747 3023 caesorum
772 2967 806 3022 ad
828 2967 948 3042 triginta,
968 2965 1041 3022 dona
1053 2963 1138 3040 impe-

198 3055 320 3103 ratorum
334 3046 369 3102 ud
383 3045 583 3118 quadraginta;
614 3045 643 3100 in
664 3043 764 3118 quibus
778 3044 902 3118 insignes
924 3044 994 3099 duas
1017 3043 1138 3101 murales

198 3142 324 3194 coronae,
339 3123 441 3179 civicas
454 3133 533 3179 octo:
567 3123 601 3179 ad
625 3123 694 3190 hau,
719 3132 840 3178 servatos
863 3139 898 3177 ex
919 3121 1044 3178 hostibus
1061 3121 1137 3179 cives

165 3202 359 3278 asprodurtisee
371 3220 378 3268 3
400 3200 472 3256 inter
485 3219 553 3274 quos
566 3199 599 3256 C.
615 3199 762 3266 Servilium
776 3198 937 3274 magistrum
952 3200 1076 3274 equitum
1089 3200 1137 3257 ab·

193 3277 509 3347 'sentemnominatum3
543 3288 571 3334 et
584 3296 668 3352 quum
692 3295 726 3334 ea
751 3282 867 3351 quoque,
891 3295 952 3350 quae
973 3277 1045 3336 bello
1058 3289 1137 3354 gesta

198 3367 298 3427 essent,
321 3376 371 3432 pro
392 3356 501 3432 fastigio
521 3375 613 3412 rerum
633 3355 757 3412 oratione
778 3354 862 3410 etiam
881 3355 1039 3430 magnifica,
1063 3355 1137 3412 sacta
1224 3400 1226 3408 ,

198 3433 280 3490 dictis
294 3435 438 3508 aequando,
453 3433 640 3503 memorbsset,
655 3431 776 3489 nudasse
786 3443 885 3506 pectus
899 3432 1007 3508 insigne
1026 3431 1136 3490 cicatri-

198 3510 279 3568 cibus
298 3512 370 3570 bello
394 3512 535 3586 acceptis;
568 3521 596 3568 et
619 3510 782 3577 identidem,
806 3510 974 3585 Capitolium
995 3521 1135 3585 spectans,

165 3606 190 3656 to
199 3588 296 3646 Jorem
310 3589 438 3665 Deosque
452 3590 520 3646 alios
533 3589 682 3646 devocbsse
704 3590 738 3646 ad
753 3588 886 3646 auxilium
907 3588 1077 3647 fortunarum
1091 3601 1139 3644 sue

198 3686 297 3724 arum:
316 3679 497 3742 precatusque
511 3685 581 3733 esse,
596 3675 636 3738 ut,
649 3685 731 3740 quam
745 3677 868 3724 mentem
882 3666 934 3724 ribi
949 3665 1135 3740 Capitolinam

171 3745 175 3762 ’
197 3764 291 3807 arcem
304 3747 459 3830 protegenti
473 3746 507 3806 ad
522 3744 636 3802 salutem
651 3745 744 3821 populi
767 3745 891 3803 Romani
909 3745 1059 3817 dedissent,
1072 3761 1135 3802 eam
