2638 4206
810 251 812 258 r

170 332 230 394 m
557 335 623 386 Tm
639 335 721 386 mvn

167 471 186 505 “
194 472 444 549 detprovocmieua
457 487 487 536 et
499 478 666 548 consulares,
679 487 708 534 et
720 468 890 544 tribunicias,
903 495 937 534 eo
947 473 1008 553 ipso
1020 495 1093 540 auno

166 550 272 611 “latas.
311 552 406 614 Quem
419 555 494 612 euim
508 567 723 628 provocaturum,
747 554 770 610 si
784 555 838 612 hoo
860 555 1029 624 indemnato,
1050 559 1092 616 iu.

167 627 186 660 “
195 629 272 692 dicat
283 631 379 698 moab
393 651 449 688 nou
462 632 566 690 liceatl
598 632 644 688 cui
657 631 764 706 plebejo
783 642 811 688 et
824 632 920 690 humili
933 635 1089 705 presidium

166 705 186 738 “
197 705 226 762 iu
244 707 353 781 legibus
377 709 442 781 fore,
469 709 492 766 ai
514 713 566 783 Ap.
581 709 700 766 Claudio
720 727 776 766 non
788 709 842 765 sitl
857 755 861 764 ,
875 728 904 764 se
924 711 1090 770 documento

166 782 186 815 “
198 783 328 850 futurum,
343 786 434 844 utrdrn
448 787 526 844 noris
537 787 646 861 legibus
666 786 815 867 dominatio
828 805 863 842 on
877 787 988 844 libertas
1000 789 1090 846 firina-
1110 798 1126 836 ⁵

165 860 184 894 “
194 861 288 930 tasit3
308 872 336 918 et
349 863 493 937 appellatio
515 863 723 938 provocatioque
746 863 875 922 adversus
893 864 1019 938 injuriam
1033 885 1090 923 ma·

164 937 183 1049 Z
192 938 355 1042 gisppamum
367 950 503 1000 ostentatu
515 940 620 998 tantrlm
643 941 772 998 inanibus
788 939 884 1008 literis,
898 960 934 998 au
948 941 1088 1001 veredam

193 1025 235 1072 srt.
442 1033 443 1036 ’
901 1031 908 1039 ’

200 1171 292 1230 LVII.
321 1175 425 1232 Contra
438 1193 472 1232 ea
489 1173 642 1249 Virginius,
663 1155 748 1230 unum
770 1175 819 1247 Ap.
841 1173 989 1230 Claudium
1009 1187 1037 1231 et
1050 1176 1088 1233 le-

162 1264 228 1321 gum
247 1263 387 1326 expertem
413 1263 441 1310 et
460 1252 548 1309 civilis
570 1263 598 1308 et
618 1251 731 1308 humani
760 1251 869 1306 laederis
896 1269 966 1322 esse,
988 1252 1119 1309 aiebato

162 1327 376 1404 “Respicereut
397 1329 515 1387 tribunal
536 1330 670 1394 hemines,
697 1327 839 1384 castellum
858 1329 981 1384 omnium
1001 1330 1087 1387 ecele-

162 1402 181 1435 “
192 1423 252 1464 rum
263 1426 270 1475 ;
291 1407 339 1463 ubi
358 1407 496 1464 decemvir
516 1406 561 1462 ille
582 1415 737 1480 perpetuus,
752 1405 839 1474 bonis,
859 1415 944 1479 tergo,
959 1408 1086 1481 sanguini

162 1480 293 1540 “civium
307 1485 430 1554 infestus,
444 1485 534 1558 uirgas
547 1501 711 1555 securesque
730 1483 857 1540 omnibus
877 1483 1017 1554 minitans,
1032 1485 1086 1540 De·

162 1557 181 1592 “
192 1579 270 1618 orum
285 1562 480 1636 bominumque
494 1571 680 1634 contemptor3
710 1560 895 1626 carnificibus„
917 1579 972 1616 non
985 1561 1085 1618 lictori·

161 1636 180 1669 “
190 1637 250 1704 bus,
265 1639 387 1712 stipatus,
399 1640 455 1713 jam
470 1657 486 1696 a
499 1638 601 1711 rapinis
613 1648 642 1693 et
655 1637 777 1693 cedibus
790 1637 881 1692 animo
894 1637 928 1692 ad
942 1637 1084 1694 libidinem
1095 1647 1129 1696 1⁵.

160 1715 179 1746 “
191 1730 277 1781 verso,
292 1717 426 1790 virginem
439 1717 588 1789 ingenuam
602 1715 629 1770 in
653 1713 740 1770 oculis
760 1714 853 1787 populi
866 1713 998 1785 Romani,
1012 1715 1085 1771 velut

159 1792 178 1825 “
190 1790 261 1848 bello
274 1803 391 1866 captam,
410 1811 427 1847 a
447 1791 590 1865 complexu
611 1790 694 1865 patris
708 1791 856 1863 abreptam,
870 1791 994 1848 ministro
1008 1793 1085 1848 cubi-

159 1869 246 1925 “culi
264 1869 307 1926 sui
327 1869 421 1926 clienti
441 1870 513 1926 dono
532 1868 656 1936 dederit3
682 1867 729 1923 ubi
749 1867 853 1924 crudeli
866 1868 978 1925 decreto
991 1869 1084 1926 nefan-

159 1946 178 1981 “
188 1945 284 2020 disque
297 1946 424 2002 vindiciis
437 1947 577 2006 dexteram
590 1946 674 2019 patris
692 1945 722 2000 in
738 1945 821 2000 liliam
836 1946 996 2013 armaverit;
1026 1947 1082 2019 ubi,

158 2025 179 2059 “
189 2024 315 2081 tollentes
327 2043 425 2098 corpus
444 2023 606 2079 semianime
619 2023 741 2097 virginis,
756 2040 885 2096 sponsum
906 2023 1115 2080 avunculum-ao

157 2104 178 2136 “
188 2119 241 2173 que
253 2101 282 2158 in
302 2118 441 2158 carcerem
456 2100 520 2156 duci
537 2099 648 2173 jusserit
656 2119 663 2168 ;
697 2109 789 2173 stupro
802 2099 972 2173 interpellato
985 2102 1081 2176 magis,

158 2177 270 2250 “quam
293 2178 381 2242 caede,
408 2187 514 2233 motus:
558 2187 586 2232 et
608 2176 647 2232 illi
667 2195 805 2233 carcerem
827 2177 990 2233 edificatum
1011 2196 1104 2248 esses

157 2255 260 2328 “quod
273 2253 443 2310 domicilium
457 2252 544 2327 plebis
563 2255 696 2310 Romanae
716 2273 812 2310 vocare
827 2253 862 2309 sit
875 2254 977 2310 solitus.
1017 2254 1083 2312 Pro·
1101 2291 1103 2296 ·

158 2335 177 2369 “
188 2331 262 2399 inde,
276 2341 307 2387 ut
319 2331 364 2388 ille
375 2331 473 2387 iterum
494 2348 528 2386 ac
548 2331 647 2403 saepius
666 2341 803 2404 provocet,
817 2330 857 2386 sic
871 2349 900 2386 se
924 2331 1023 2388 iterum
1047 2351 1080 2389 ac
1136 2377 1139 2388 .

81 2469 87 2480 ,
157 2415 176 2446 ‘¹
187 2410 286 2483 sepius
296 2408 419 2483 judicem
432 2407 472 2464 illi
486 2408 566 2472 ferre,
580 2407 609 2462 ni
624 2407 757 2463 vindicias
771 2407 806 2461 ab
818 2407 943 2463 libertate
957 2408 985 2464 iu
998 2408 1080 2466 servi·
1089 2420 1113 2459 ὅ

156 2491 272 2542 “tutem
293 2485 417 2557 dederit:
451 2483 521 2540 siad
542 2483 664 2556 judicem
685 2502 741 2540 nou
764 2493 817 2554 eat,
839 2501 889 2556 pro
908 2485 1037 2543 damnato
1051 2487 1079 2544 in
1131 2531 1137 2550 ,ἲ

156 2569 177 2602 “
187 2561 297 2619 vinnula
309 2561 374 2616 duci
384 2560 508 2634 jubere.”
549 2560 586 2616 Ut
599 2560 672 2615 haud
687 2578 821 2634 quoquam
844 2561 1024 2634 improbante,
1039 2564 1079 2621 sic
1132 2563 1137 2570 ”

156 2657 257 2712 magno
279 2648 354 2695 motu
380 2637 542 2703 animorum,
563 2655 647 2710 quum
665 2637 737 2694 tanti
756 2637 805 2692 viri
825 2637 960 2710 supplicio
972 2652 1080 2698 suamet

153 2715 230 2793 plebi
259 2717 316 2792 jam
348 2715 434 2772 nimia
471 2712 581 2771 libertas
621 2714 766 2782 rideretur,
799 2714 827 2770 in
865 2733 1006 2772 earcerem
1037 2728 1079 2775 est

156 2793 316 2868 conjectus:
349 2792 474 2850 tribunus
487 2793 512 2848 ei
526 2792 600 2848 diem
620 2792 746 2866 prodixit·
786 2791 862 2848 Inter
876 2793 937 2848 haec
950 2793 984 2850 ab
1004 2793 1112 2852 Lati-³⁰

154 2877 239 2936 nis-et
253 2871 384 2929 Hernicis
406 2869 488 2945 legati
508 2869 672 2944 gratulatum
692 2869 727 2926 de
747 2870 893 2926 concordii
914 2870 1023 2928 Petrum
1045 2891 1078 2930 ac

154 2950 242 3028 plebis
256 2949 375 3006 Romam
388 2956 541 3014 venerunt3
572 2947 727 3020 donumque
747 2948 792 3004 ob·
805 2965 866 3004 eam
890 2947 951 3003 Jovi
965 2947 1078 3021 Optimo

154 3027 279 3088 Maximo
291 3045 418 3084 coronam
432 3043 542 3082 auream
557 3025 585 3080 iu
600 3023 764 3098 Capitolium
781 3023 868 3081 tulere
882 3025 955 3097 parvi
975 3025 1077 3098 ponde·

154 3106 203 3173 ris,
216 3113 296 3176 prout
309 3123 352 3161 res
365 3103 439 3160 baud
452 3101 587 3176 opuleutae
602 3111 690 3168 erant,
704 3101 916 3174 colebanturque
930 3101 1075 3175 religiones

153 3184 199 3260 pie
218 3180 306 3254 magis
324 3181 407 3254 quarn
428 3177 582 3254 magnifice.
631 3177 734 3234 Iisdem
757 3178 912 3234 auctoribus
933 3177 1107 3252 cognitum&

153 3271 204 3332 est,
218 3259 321 3330 AEquos
332 3257 501 3330 Volscosque
521 3255 629 3313 summa
642 3255 668 3310 vi
681 3253 781 3312 bellum
800 3273 938 3329 apparare.
977 3254 1074 3330 ltaque

152 3335 247 3414 partiri
267 3334 419 3412 provincias
442 3334 569 3392 consules
585 3331 662 3408 jussi,
701 3332 816 3390 Horatio
837 3332 943 3404 Sabini,
963 3332 1074 3392 Valerio
1095 3367 1100 3382 ι

153 3413 238 3490 AEqui
264 3412 410 3486 Volscique
430 3413 554 3468 evenere.
602 3407 700 3470 Quum
719 3411 754 3467 ad
783 3429 817 3466 ea
845 3410 917 3466 bella
935 3409 1098 3468 delectum.¹

153 3493 313 3564 edixissent,
333 3489 422 3546 lavore
444 3487 531 3563 plebis
551 3507 606 3546 uon
627 3487 748 3562 juniores
771 3486 861 3554 modii,
882 3488 932 3544 sed
951 3487 1073 3546 emeritis
1093 3533 1097 3542 .

13 3629 14 3642 ¹
51 3584 54 3598 ‘
153 3569 237 3639 etiam
249 3565 822 3644 adpendiia‚parsmagnavduomriorum‚
835 3563 993 3625 adnomiuu
1006 3565 1106 3625 dau-tu

153 3646 190 3702 da
201 3645 405 3720 praetotlubre:
437 3641 522 3716 adque
536 3659 591 3700 non
605 3643 684 3716 eopia
706 3641 798 3710 model,
808 3643 860 3702 aed
871 3661 975 3722 ,genere
988 3643 1072 3702 eliam
1092 3691 1096 3698 .

153 3722 287 3798 utilitum,t
303 3719 437 3781 rotmanis
455 3719 595 3793 admixtis,
612 3717 719 3777 ¹tinnior
731 3720 869 3781 excretus
882 3719 941 3779 sarit
978 3720 1073 3798 Prius
1090 3763 1096 3775 .
